fiscalDateEnding,reportedCurrency,grossProfit,totalRevenue,costOfRevenue,costofGoodsAndServicesSold,operatingIncome,sellingGeneralAndAdministrative,researchAndDevelopment,operatingExpenses,investmentIncomeNet,netInterestIncome,interestIncome,interestExpense,nonInterestIncome,otherNonOperatingIncome,depreciation,depreciationAndAmortization,incomeBeforeTax,incomeTaxExpense,interestAndDebtExpense,netIncomeFromContinuingOperations,comprehensiveIncomeNetOfTax,ebit,ebitda,netIncome,symbol
3/31/2023,USD,41976000000,93906000000,59061000000,52860000000,28318000000,6201000000,7457000000,13658000000,918000000,-930000000,None,930000000,94836000000,76000000,None,None,28382000000,4222000000,930000000,24160000000,25326000000,29312000000,28318000000,24160000000,AAPL
12/31/2022,USD,50332000000,1.16E+11,73429000000,66822000000,36016000000,6607000000,7709000000,14316000000,868000000,-1003000000,135000000,1003000000,1.17E+11,-258000000,None,2916000000,35623000000,5625000000,1003000000,29998000000,28195000000,36626000000,38932000000,29998000000,AAPL
9/30/2022,USD,38095000000,89319000000,58491000000,52051000000,24894000000,6440000000,6761000000,13201000000,753000000,-827000000,74000000,827000000,90146000000,-163000000,None,2865000000,24657000000,3936000000,827000000,20721000000,18909000000,25484000000,27759000000,20721000000,AAPL
6/30/2022,USD,35885000000,82240000000,53086000000,47074000000,23076000000,6012000000,6797000000,12809000000,722000000,-719000000,722000000,719000000,82959000000,-13000000,None,2805000000,23066000000,3624000000,719000000,19442000000,16639000000,23785000000,25881000000,19442000000,AAPL
3/31/2022,USD,42559000000,96587000000,60912000000,54719000000,29979000000,6193000000,6387000000,12580000000,700000000,-691000000,700000000,691000000,97278000000,151000000,None,2737000000,30139000000,5129000000,691000000,25010000000,19443000000,30830000000,32716000000,25010000000,AAPL
12/31/2021,USD,54243000000,1.23E+11,76151000000,69702000000,41488000000,6449000000,6306000000,12755000000,650000000,-694000000,650000000,694000000,1.24E+11,-203000000,None,2697000000,41241000000,6611000000,694000000,34630000000,33540000000,41935000000,44185000000,34630000000,AAPL
9/30/2021,USD,35174000000,82688000000,53802000000,48186000000,23786000000,5616000000,5772000000,11388000000,659000000,-672000000,659000000,672000000,83360000000,-525000000,None,2989000000,23248000000,2697000000,672000000,20551000000,20656000000,23920000000,26775000000,20551000000,AAPL
6/30/2021,USD,35255000000,80769000000,51591000000,46179000000,24126000000,5412000000,5717000000,11129000000,719000000,-665000000,719000000,665000000,81434000000,189000000,None,2832000000,24369000000,2625000000,665000000,21744000000,22088000000,25034000000,26958000000,21744000000,AAPL
3/31/2021,USD,38079000000,88914000000,56819000000,51505000000,27503000000,5314000000,5262000000,10576000000,718000000,-670000000,718000000,670000000,89584000000,460000000,None,2797000000,28011000000,4381000000,670000000,23630000000,23165000000,28681000000,30300000000,23630000000,AAPL
12/31/2020,USD,44328000000,1.11E+11,72742000000,67111000000,33534000000,5631000000,5163000000,10794000000,747000000,-638000000,747000000,638000000,1.11E+11,-64000000,None,2666000000,33579000000,4824000000,638000000,28755000000,29340000000,34217000000,36200000000,28755000000,AAPL
9/30/2020,USD,24689000000,64698000000,44945000000,40009000000,14775000000,4936000000,4978000000,9914000000,768000000,-634000000,134000000,634000000,64698000000,-8000000,None,2702000000,14901000000,2228000000,634000000,24689000000,12817000000,15535000000,17477000000,12673000000,AAPL
6/30/2020,USD,22680000000,58988000000,41836000000,37005000000,13091000000,4831000000,4758000000,9589000000,901000000,-697000000,901000000,697000000,59685000000,-158000000,None,2752000000,13137000000,1884000000,697000000,11253000000,13492000000,13834000000,15843000000,11253000000,AAPL
3/31/2020,USD,22370000000,57556000000,40895000000,35943000000,12853000000,4952000000,4565000000,9517000000,1049000000,-757000000,1049000000,757000000,58313000000,-10000000,None,2786000000,13135000000,1886000000,757000000,11249000000,8878000000,13892000000,15639000000,11249000000,AAPL
12/31/2019,USD,35217000000,91034000000,61799000000,56602000000,25569000000,5197000000,4451000000,9648000000,1045000000,-785000000,1045000000,785000000,91819000000,89000000,None,2816000000,25918000000,3682000000,785000000,22236000000,22266000000,26703000000,28385000000,22236000000,AAPL
9/30/2019,USD,24313000000,64040000000,44305000000,39727000000,15625000000,4578000000,4110000000,8688000000,1106000000,-810000000,1106000000,810000000,64040000000,206000000,None,3179000000,16127000000,2441000000,810000000,24313000000,13741000000,16937000000,18804000000,13686000000,AAPL
6/30/2019,USD,20227000000,52943000000,38008000000,33582000000,11544000000,4426000000,4257000000,8683000000,1190000000,-866000000,1190000000,866000000,53809000000,43000000,None,2933000000,11911000000,1867000000,866000000,10044000000,10904000000,12777000000,14477000000,10044000000,AAPL
3/31/2019,USD,21821000000,57005000000,40652000000,36194000000,13415000000,4458000000,3948000000,8406000000,1358000000,-1010000000,1358000000,1010000000,58015000000,30000000,None,3040000000,13793000000,2232000000,1010000000,11561000000,13650000000,14803000000,16455000000,11561000000,AAPL
12/31/2018,USD,32031000000,83420000000,57062000000,52279000000,23346000000,4783000000,3902000000,8685000000,1307000000,-890000000,None,890000000,84310000000,143000000,None,3395000000,23906000000,3941000000,890000000,19965000000,19742000000,24796000000,26741000000,19965000000,AAPL
9/30/2018,USD,24084000000,62900000000,38816000000,38816000000,16118000000,4216000000,3750000000,7966000000,1311000000,-868000000,None,868000000,62900000000,-140000000,None,2754000000,16421000000,2296000000,868000000,24084000000,13782000000,17289000000,18872000000,14125000000,AAPL
6/30/2018,USD,20421000000,53265000000,32844000000,32844000000,12612000000,4108000000,3701000000,7809000000,1418000000,-846000000,None,846000000,53265000000,100000000,None,2665000000,13284000000,1765000000,846000000,11519000000,11472000000,14130000000,15277000000,11519000000,AAPL
3/31/2023,USD,36729000000,52405000000,24481000000,16128000000,22352000000,7393000000,6984000000,15337000000,748000000,-496000000,748000000,496000000,52901000000,-93000000,None,960000000,22673000000,4374000000,496000000,18299000000,19112000000,23169000000,24129000000,18299000000,MSFT
12/31/2022,USD,35259000000,52032000000,27393000000,17488000000,20399000000,8016000000,6844000000,16749000000,700000000,-490000000,18000000,490000000,52522000000,-38000000,None,1089000000,20339000000,3914000000,490000000,16425000000,17311000000,20829000000,21918000000,16425000000,MSFT
9/30/2022,USD,34670000000,49636000000,22798000000,15452000000,21518000000,6524000000,6628000000,13974000000,641000000,-500000000,110000000,500000000,50136000000,-31000000,None,822000000,21572000000,4016000000,500000000,17556000000,14891000000,22072000000,22894000000,17556000000,MSFT
6/30/2022,USD,35436000000,51406000000,25283000000,16429000000,20534000000,8053000000,6849000000,15703000000,552000000,-496000000,552000000,496000000,51902000000,-23000000,None,801000000,20487000000,3747000000,496000000,16740000000,14538000000,20983000000,21784000000,16740000000,MSFT
3/31/2022,USD,33745000000,48732000000,23481000000,15615000000,20364000000,7075000000,6306000000,14172000000,519000000,-503000000,519000000,503000000,49235000000,-11000000,None,791000000,20190000000,3462000000,503000000,16728000000,13815000000,20693000000,21484000000,16728000000,MSFT
12/31/2021,USD,34768000000,51228000000,24433000000,16960000000,22247000000,6763000000,5758000000,13231000000,503000000,-525000000,503000000,525000000,51753000000,-4000000,None,710000000,22515000000,3750000000,525000000,18765000000,17919000000,23040000000,23750000000,18765000000,MSFT
9/30/2021,USD,31671000000,44743000000,20145000000,13646000000,20238000000,5834000000,5599000000,12098000000,520000000,-539000000,520000000,539000000,45282000000,6000000,None,665000000,20524000000,19000000,539000000,20505000000,19966000000,21063000000,21728000000,20505000000,MSFT
6/30/2021,USD,32161000000,45595000000,22025000000,13991000000,19095000000,7379000000,5687000000,13721000000,497000000,-553000000,497000000,553000000,46148000000,22000000,None,655000000,19405000000,2947000000,553000000,16458000000,16818000000,19958000000,20613000000,16458000000,MSFT
3/31/2021,USD,28661000000,41059000000,20070000000,13045000000,17048000000,6409000000,5204000000,12229000000,519000000,-633000000,519000000,633000000,41692000000,6000000,None,616000000,17236000000,1779000000,633000000,15457000000,13552000000,17869000000,18485000000,15457000000,MSFT
12/31/2020,USD,28882000000,42558000000,20907000000,14194000000,17897000000,6086000000,4899000000,11612000000,545000000,-571000000,545000000,571000000,43129000000,70000000,None,627000000,18337000000,2874000000,571000000,15463000000,15720000000,18908000000,19535000000,15463000000,MSFT
9/30/2020,USD,26152000000,36724000000,16941000000,11002000000,15876000000,5350000000,4926000000,10865000000,570000000,-589000000,None,589000000,37313000000,0,None,589000000,16124000000,2231000000,589000000,13893000000,13807000000,16713000000,17302000000,13893000000,MSFT
6/30/2020,USD,25694000000,38033000000,20161000000,12339000000,13407000000,7073000000,5214000000,13036000000,595000000,-686000000,None,686000000,38033000000,0,None,588000000,13422000000,2220000000,686000000,13407000000,11712000000,14108000000,14696000000,11202000000,MSFT
3/31/2020,USD,24046000000,34315000000,17650000000,10975000000,12975000000,6184000000,4887000000,11562000000,673000000,-614000000,153000000,614000000,34929000000,-3000000,None,491000000,12843000000,2091000000,614000000,10752000000,13683000000,13457000000,13948000000,10752000000,MSFT
12/31/2019,USD,24548000000,36322000000,18986000000,12358000000,13891000000,6054000000,4603000000,11231000000,688000000,-654000000,281000000,654000000,36976000000,-19000000,None,574000000,14085000000,2436000000,654000000,11649000000,11455000000,14739000000,15313000000,11649000000,MSFT
9/30/2019,USD,22649000000,32428000000,16363000000,10406000000,12686000000,5398000000,4565000000,10522000000,724000000,-637000000,139000000,637000000,33065000000,-18000000,None,559000000,12686000000,2008000000,637000000,10678000000,10957000000,13323000000,13882000000,10678000000,MSFT
6/30/2019,USD,23305000000,33717000000,17199000000,10412000000,12405000000,6387000000,4513000000,11300000000,709000000,-669000000,321000000,669000000,33717000000,-121000000,None,400000000,12596000000,-591000000,669000000,12405000000,14112000000,13265000000,13665000000,13187000000,MSFT
3/31/2019,USD,20401000000,29993000000,16345000000,10170000000,10341000000,5744000000,4316000000,10491000000,668000000,-671000000,None,671000000,30664000000,16000000,None,431000000,10486000000,1677000000,671000000,8809000000,9557000000,11157000000,11588000000,8809000000,MSFT
12/31/2018,USD,20048000000,31796000000,18673000000,12423000000,10258000000,5720000000,4070000000,10320000000,704000000,-672000000,None,672000000,32468000000,34000000,None,530000000,10385000000,1965000000,672000000,8420000000,9022000000,11057000000,11587000000,8420000000,MSFT
9/30/2018,USD,19179000000,28615000000,15708000000,9905000000,9955000000,5247000000,3977000000,9780000000,681000000,-674000000,None,674000000,29289000000,14000000,None,556000000,10221000000,1397000000,674000000,8824000000,8463000000,10895000000,11451000000,8824000000,MSFT
6/30/2018,USD,20343000000,30085000000,34165000000,9742000000,10379000000,6031000000,3933000000,10464000000,636000000,-672000000,None,672000000,30085000000,-61000000,None,500000000,10680000000,1807000000,672000000,10379000000,7797000000,11352000000,11852000000,8873000000,MSFT
3/31/2023,USD,39074000000,69686000000,30612000000,30612000000,17415000000,10292000000,11468000000,24318000000,None,-80000000,797000000,80000000,69766000000,132000000,None,4182000000,18205000000,3154000000,80000000,15051000000,16654000000,18285000000,21597000000,15051000000,GOOG
12/31/2022,USD,38949000000,74291000000,35342000000,35342000000,18160000000,12279000000,10267000000,22546000000,None,-90000000,659000000,90000000,74381000000,104000000,None,5126000000,17147000000,3523000000,90000000,13624000000,14873000000,17237000000,23286000000,13624000000,GOOG
9/30/2022,USD,38262000000,69420000000,31158000000,31158000000,17135000000,10526000000,10273000000,20799000000,None,-101000000,615000000,101000000,69521000000,143000000,None,4759000000,16233000000,2323000000,101000000,13910000000,10886000000,16334000000,21894000000,13910000000,GOOG
6/30/2022,USD,39639000000,69743000000,30104000000,30104000000,19453000000,10287000000,9841000000,20128000000,None,-83000000,486000000,83000000,69826000000,259000000,None,4844000000,19014000000,3012000000,83000000,16002000000,14223000000,19097000000,24297000000,16002000000,GOOG
3/31/2022,USD,38460000000,68059000000,29599000000,29599000000,20094000000,9199000000,9119000000,18318000000,None,-83000000,414000000,83000000,68142000000,-125000000,None,4215000000,18934000000,2498000000,83000000,16436000000,14010000000,19017000000,24309000000,16436000000,GOOG
12/31/2021,USD,42152000000,75140000000,32988000000,32988000000,21885000000,11744000000,8708000000,20452000000,None,-117000000,378000000,117000000,-1.82E+11,120000000,None,3439000000,24402000000,3760000000,117000000,20642000000,19427000000,24519000000,25643000000,20642000000,GOOG
9/30/2021,USD,37307000000,64928000000,27621000000,27621000000,21031000000,8772000000,7694000000,16466000000,None,-77000000,387000000,77000000,65005000000,8000000,None,3304000000,23064000000,4128000000,77000000,18936000000,18338000000,23141000000,24426000000,18936000000,GOOG
6/30/2021,USD,35653000000,61880000000,26227000000,26227000000,19361000000,8617000000,7675000000,16292000000,None,-76000000,389000000,76000000,61960000000,-90000000,None,2945000000,21985000000,3460000000,76000000,18525000000,18718000000,22061000000,22174000000,18525000000,GOOG
3/31/2021,USD,31211000000,55314000000,24103000000,24103000000,16437000000,7289000000,7485000000,14774000000,None,-76000000,345000000,76000000,55519000000,373000000,None,2753000000,21283000000,3353000000,76000000,17930000000,17294000000,21359000000,19248000000,17930000000,GOOG
12/31/2020,USD,30038000000,56118000000,26080000000,26080000000,15651000000,8145000000,7022000000,15167000000,None,-53000000,386000000,53000000,-1.25E+11,-420000000,None,3725000000,18689000000,3462000000,53000000,15227000000,15814000000,18742000000,19292000000,15227000000,GOOG
9/30/2020,USD,25013000000,46130000000,21117000000,21117000000,11213000000,6987000000,6856000000,13843000000,None,-48000000,460000000,48000000,46178000000,-88000000,None,3478000000,13359000000,2112000000,48000000,11247000000,11589000000,13407000000,14954000000,11247000000,GOOG
6/30/2020,USD,19744000000,38297000000,18553000000,18553000000,6383000000,6486000000,6875000000,13361000000,None,-13000000,433000000,13000000,38761000000,-147000000,None,3386000000,8277000000,1318000000,13000000,6959000000,7760000000,8290000000,9926000000,6959000000,GOOG
3/31/2020,USD,22177000000,41159000000,18982000000,18982000000,7977000000,7380000000,6820000000,14200000000,None,-21000000,586000000,21000000,41310000000,18000000,None,3108000000,7757000000,921000000,21000000,6836000000,6971000000,7778000000,11769000000,6836000000,GOOG
12/31/2019,USD,24855000000,45569000000,21020000000,21020000000,9266000000,8567000000,7222000000,15789000000,None,-17000000,621000000,17000000,45892000000,-72000000,None,3413000000,10704000000,33000000,17000000,10671000000,10635000000,10721000000,13695000000,10671000000,GOOG
9/30/2019,USD,22935000000,40503000000,17568000000,17568000000,9177000000,7200000000,6554000000,13754000000,None,-23000000,631000000,23000000,40526000000,68000000,None,2920000000,8628000000,1560000000,23000000,7068000000,6963000000,8651000000,13009000000,7068000000,GOOG
6/30/2019,USD,21749000000,39045000000,17296000000,17296000000,9180000000,6255000000,6213000000,12468000000,None,-25000000,653000000,25000000,39070000000,53000000,None,2835000000,12147000000,2200000000,25000000,9947000000,10636000000,12172000000,12262000000,9947000000,GOOG
3/31/2019,USD,20327000000,36339000000,16012000000,16012000000,6608000000,5993000000,6029000000,12022000000,None,-35000000,1417000000,35000000,36453000000,53000000,None,2613000000,8146000000,1489000000,35000000,6657000000,7213000000,8181000000,11336000000,6657000000,GOOG
12/31/2018,USD,21358000000,39276000000,17918000000,17918000000,8221000000,7121000000,6034000000,13155000000,None,-29000000,None,29000000,40666000000,68000000,None,2580000000,10072000000,1124000000,29000000,8948000000,8318000000,10101000000,11412000000,8948000000,GOOG
9/30/2018,USD,19459000000,33740000000,14281000000,14281000000,8625000000,5917000000,5232000000,11149000000,None,-28000000,None,28000000,34059000000,49000000,None,2355000000,10083000000,891000000,28000000,9192000000,9041000000,10111000000,11168000000,9192000000,GOOG
6/30/2018,USD,18774000000,32657000000,13883000000,13883000000,3045000000,5782000000,5114000000,10896000000,None,-27000000,None,27000000,33145000000,49000000,None,2114000000,4215000000,1020000000,27000000,3195000000,2340000000,4242000000,10392000000,3195000000,GOOG
3/31/2023,USD,39074000000,69686000000,30612000000,30612000000,17415000000,10292000000,11468000000,24318000000,None,-80000000,797000000,80000000,69766000000,132000000,None,4182000000,18205000000,3154000000,80000000,15051000000,16654000000,18285000000,21597000000,15051000000,GOOGL
12/31/2022,USD,38949000000,74291000000,35342000000,35342000000,18160000000,12279000000,10267000000,22546000000,None,-90000000,659000000,90000000,74381000000,104000000,None,5126000000,17147000000,3523000000,90000000,13624000000,14873000000,17237000000,23286000000,13624000000,GOOGL
9/30/2022,USD,38262000000,69420000000,31158000000,31158000000,17135000000,10526000000,10273000000,20799000000,None,-101000000,615000000,101000000,69521000000,143000000,None,4759000000,16233000000,2323000000,101000000,13910000000,10886000000,16334000000,21894000000,13910000000,GOOGL
6/30/2022,USD,39639000000,69743000000,30104000000,30104000000,19453000000,10287000000,9841000000,20128000000,None,-83000000,486000000,83000000,69826000000,259000000,None,4844000000,19014000000,3012000000,83000000,16002000000,14223000000,19097000000,24297000000,16002000000,GOOGL
3/31/2022,USD,38460000000,68059000000,29599000000,29599000000,20094000000,9199000000,9119000000,18318000000,None,-83000000,414000000,83000000,68142000000,-125000000,None,4215000000,18934000000,2498000000,83000000,16436000000,14010000000,19017000000,24309000000,16436000000,GOOGL
12/31/2021,USD,42152000000,75140000000,32988000000,32988000000,21885000000,11744000000,8708000000,20452000000,None,-117000000,378000000,117000000,-1.82E+11,120000000,None,3439000000,24402000000,3760000000,117000000,20642000000,19427000000,24519000000,25643000000,20642000000,GOOGL
9/30/2021,USD,37307000000,64928000000,27621000000,27621000000,21031000000,8772000000,7694000000,16466000000,None,-77000000,387000000,77000000,65005000000,8000000,None,3304000000,23064000000,4128000000,77000000,18936000000,18338000000,23141000000,24426000000,18936000000,GOOGL
6/30/2021,USD,35653000000,61880000000,26227000000,26227000000,19361000000,8617000000,7675000000,16292000000,None,-76000000,389000000,76000000,61960000000,-90000000,None,2945000000,21985000000,3460000000,76000000,18525000000,18718000000,22061000000,22174000000,18525000000,GOOGL
3/31/2021,USD,31211000000,55314000000,24103000000,24103000000,16437000000,7289000000,7485000000,14774000000,None,-76000000,345000000,76000000,55519000000,373000000,None,2753000000,21283000000,3353000000,76000000,17930000000,17294000000,21359000000,19248000000,17930000000,GOOGL
12/31/2020,USD,30038000000,56118000000,26080000000,26080000000,15651000000,8145000000,7022000000,15167000000,None,-53000000,386000000,53000000,-1.25E+11,-420000000,None,3725000000,18689000000,3462000000,53000000,15227000000,15814000000,18742000000,19292000000,15227000000,GOOGL
9/30/2020,USD,25013000000,46130000000,21117000000,21117000000,11213000000,6987000000,6856000000,13843000000,None,-48000000,460000000,48000000,46178000000,-88000000,None,3478000000,13359000000,2112000000,48000000,11247000000,11589000000,13407000000,14954000000,11247000000,GOOGL
6/30/2020,USD,19744000000,38297000000,18553000000,18553000000,6383000000,6486000000,6875000000,13361000000,None,-13000000,433000000,13000000,38761000000,-147000000,None,3386000000,8277000000,1318000000,13000000,6959000000,7760000000,8290000000,9926000000,6959000000,GOOGL
3/31/2020,USD,22177000000,41159000000,18982000000,18982000000,7977000000,7380000000,6820000000,14200000000,None,-21000000,586000000,21000000,41310000000,18000000,None,3108000000,7757000000,921000000,21000000,6836000000,6971000000,7778000000,11769000000,6836000000,GOOGL
12/31/2019,USD,24855000000,45569000000,21020000000,21020000000,9266000000,8567000000,7222000000,15789000000,None,-17000000,621000000,17000000,45892000000,-72000000,None,3413000000,10704000000,33000000,17000000,10671000000,10635000000,10721000000,13695000000,10671000000,GOOGL
9/30/2019,USD,22935000000,40503000000,17568000000,17568000000,9177000000,7200000000,6554000000,13754000000,None,-23000000,631000000,23000000,40526000000,68000000,None,2920000000,8628000000,1560000000,23000000,7068000000,6963000000,8651000000,13009000000,7068000000,GOOGL
6/30/2019,USD,21749000000,39045000000,17296000000,17296000000,9180000000,6255000000,6213000000,12468000000,None,-25000000,653000000,25000000,39070000000,53000000,None,2835000000,12147000000,2200000000,25000000,9947000000,10636000000,12172000000,12262000000,9947000000,GOOGL
3/31/2019,USD,20327000000,36339000000,16012000000,16012000000,6608000000,5993000000,6029000000,12022000000,None,-35000000,1417000000,35000000,36453000000,53000000,None,2613000000,8146000000,1489000000,35000000,6657000000,7213000000,8181000000,11336000000,6657000000,GOOGL
12/31/2018,USD,21358000000,39276000000,17918000000,17918000000,8221000000,7121000000,6034000000,13155000000,None,-29000000,None,29000000,40666000000,68000000,None,2580000000,10072000000,1124000000,29000000,8948000000,8318000000,10101000000,11412000000,8948000000,GOOGL
9/30/2018,USD,19459000000,33740000000,14281000000,14281000000,8625000000,5917000000,5232000000,11149000000,None,-28000000,None,28000000,34059000000,49000000,None,2355000000,10083000000,891000000,28000000,9192000000,9041000000,10111000000,11168000000,9192000000,GOOGL
6/30/2018,USD,18774000000,32657000000,13883000000,13883000000,3045000000,5782000000,5114000000,10896000000,None,-27000000,None,27000000,33145000000,49000000,None,2114000000,4215000000,1020000000,27000000,3195000000,2340000000,4242000000,10392000000,3195000000,GOOGL
3/31/2023,USD,43403000000,1.27E+11,83202000000,67791000000,4774000000,13215000000,14842000000,15411000000,611000000,-823000000,611000000,823000000,1.27E+11,-443000000,None,1546000000,4120000000,948000000,823000000,3172000000,3686000000,4943000000,6489000000,3172000000,AMZN
12/31/2022,USD,-1360000000,1.48E+11,1360000000,85640000000,2737000000,36751000000,3653000000,1360000000,445000000,-694000000,445000000,694000000,1.49E+11,-3450000000,None,2118000000,-949000000,-1227000000,694000000,-2720000000,2906000000,-255000000,1863000000,278000000,AMZN
9/30/2022,USD,40542000000,1.26E+11,85839000000,70268000000,2525000000,14075000000,19485000000,15571000000,277000000,-617000000,277000000,617000000,1.27E+11,759000000,None,1496000000,2941000000,69000000,617000000,2872000000,539000000,3558000000,5054000000,2872000000,AMZN
6/30/2022,USD,39590000000,1.21E+11,80943000000,66424000000,3317000000,12989000000,18072000000,14519000000,159000000,-584000000,159000000,584000000,1.21E+11,-5545000000,None,1530000000,-2665000000,-637000000,584000000,-2028000000,-4445000000,-2081000000,-551000000,-2028000000,AMZN
3/31/2022,USD,37013000000,1.16E+11,78973000000,66499000000,3669000000,10914000000,14842000000,12474000000,108000000,-472000000,108000000,472000000,1.16E+11,-8570000000,None,1560000000,-5266000000,-1422000000,472000000,-3844000000,-4833000000,-4794000000,-3234000000,-3844000000,AMZN
12/31/2021,USD,20863000000,1.37E+11,1.16E+11,82835000000,3460000000,30235000000,15313000000,34205000000,118000000,-482000000,118000000,482000000,1.37E+11,11838000000,None,2970000000,14935000000,612000000,482000000,14314000000,14022000000,15417000000,18387000000,14323000000,AMZN
9/30/2021,USD,34622000000,1.10E+11,75590000000,62930000000,4852000000,10163000000,14380000000,12660000000,119000000,-493000000,119000000,493000000,1.11E+11,-163000000,None,2497000000,4311000000,1155000000,493000000,3156000000,2606000000,4804000000,7301000000,3156000000,AMZN
6/30/2021,USD,36408000000,1.13E+11,76347000000,64176000000,7702000000,9682000000,13871000000,12171000000,106000000,-435000000,106000000,435000000,1.13E+11,1261000000,None,2489000000,8646000000,868000000,435000000,7778000000,7919000000,9081000000,11570000000,7778000000,AMZN
3/31/2021,USD,35035000000,1.08E+11,73053000000,62403000000,8865000000,8194000000,12488000000,10650000000,105000000,-399000000,105000000,399000000,1.08E+11,1697000000,None,2456000000,10263000000,2156000000,399000000,8107000000,7621000000,10662000000,13118000000,8107000000,AMZN
12/31/2020,USD,1.26E+11,1.26E+11,1.02E+11,79284000000,6873000000,20271000000,12049000000,24557000000,100000000,-414000000,100000000,414000000,1.26E+11,1206000000,None,2886000000,7788000000,566000000,414000000,7199000000,8071000000,8202000000,11088000000,7222000000,AMZN
9/30/2020,USD,29309000000,95717000000,66408000000,57106000000,6194000000,7102000000,10976000000,9302000000,118000000,-428000000,118000000,428000000,96145000000,925000000,None,2200000000,6900000000,569000000,428000000,6331000000,6757000000,7328000000,9528000000,6331000000,AMZN
6/30/2020,USD,27895000000,88509000000,60614000000,52660000000,5843000000,5925000000,10388000000,7954000000,135000000,-403000000,135000000,403000000,88912000000,646000000,None,2029000000,6227000000,984000000,403000000,5243000000,5851000000,6630000000,8659000000,5243000000,AMZN
3/31/2020,USD,22619000000,75050000000,52431000000,44257000000,3989000000,6280000000,9325000000,8174000000,202000000,-402000000,202000000,402000000,75452000000,-406000000,None,1894000000,3279000000,744000000,402000000,2535000000,1458000000,3681000000,5575000000,2535000000,AMZN
12/31/2019,USD,87437000000,87437000000,75900000000,53977000000,3879000000,18583000000,9740000000,22988000000,211000000,-455000000,211000000,455000000,87437000000,418000000,None,3340000000,4054000000,786000000,455000000,3267000000,3711000000,4509000000,7849000000,3268000000,AMZN
9/30/2019,USD,19574000000,69585000000,50011000000,41302000000,3157000000,6100000000,9200000000,8764000000,224000000,-396000000,224000000,396000000,69981000000,-353000000,None,2609000000,2628000000,494000000,396000000,2134000000,1665000000,3024000000,5633000000,2134000000,AMZN
6/30/2019,USD,18721000000,63021000000,44300000000,36337000000,3084000000,5561000000,9065000000,8049000000,215000000,-383000000,215000000,383000000,63404000000,-27000000,None,2402000000,2882000000,257000000,383000000,2625000000,2675000000,3265000000,5667000000,2625000000,AMZN
3/31/2019,USD,20582000000,59339000000,38757000000,33920000000,4420000000,4837000000,7927000000,4837000000,183000000,-366000000,183000000,366000000,59700000000,164000000,None,2307000000,4397000000,836000000,366000000,3561000000,3586000000,4763000000,7070000000,3561000000,AMZN
12/31/2018,USD,72383000000,72383000000,59490000000,44786000000,3786000000,14229000000,7669000000,15667000000,150000000,-387000000,None,387000000,72383000000,-199000000,None,4262000000,3354000000,327000000,387000000,3023000000,3030000000,3741000000,8003000000,3027000000,AMZN
9/30/2018,USD,18871000000,56218000000,37347000000,33003000000,3724000000,4344000000,7162000000,4412000000,117000000,-358000000,None,358000000,56576000000,-93000000,None,3778000000,3391000000,508000000,358000000,2883000000,2783000000,3749000000,7527000000,2883000000,AMZN
6/30/2018,USD,17899000000,52543000000,34644000000,30632000000,2983000000,4012000000,7247000000,4092000000,94000000,-343000000,None,343000000,52886000000,-129000000,None,3630000000,2608000000,74000000,343000000,2534000000,2067000000,2951000000,6581000000,2534000000,AMZN
3/31/2023,USD,84007000000,86564000000,2557000000,59683000000,81476000000,2390000000,None,2531000000,None,-159000000,2222000000,159000000,83644000000,None,None,4244000000,16390000000,4960000000,159000000,11843000000,11605000000,16549000000,21206000000,11430000000,XOM
12/31/2022,USD,91753000000,95429000000,3676000000,66190000000,88039000000,2832000000,None,3714000000,None,-207000000,398000000,207000000,-3.06E+11,None,None,5064000000,18537000000,5787000000,207000000,13055000000,17283000000,18744000000,24113000000,12750000000,XOM
9/30/2022,USD,1.10E+11,1.12E+11,2478000000,77156000000,1.07E+11,2324000000,None,2542000000,None,-209000000,4423000000,209000000,1.07E+11,926000000,None,5642000000,24884000000,5224000000,209000000,20198000000,16874000000,25093000000,31273000000,19660000000,XOM
6/30/2022,USD,1.13E+11,1.16E+11,2650000000,80750000000,1.10E+11,2530000000,None,2816000000,None,-194000000,3494000000,194000000,1.11E+11,728000000,None,4451000000,24209000000,6359000000,194000000,18574000000,15747000000,24403000000,29578000000,17850000000,XOM
3/31/2022,USD,87983000000,90500000000,2517000000,71512000000,85401000000,2409000000,None,2582000000,None,-188000000,2350000000,188000000,87734000000,228000000,None,8883000000,8286000000,2806000000,188000000,5750000000,6330000000,8474000000,17627000000,5480000000,XOM
12/31/2021,USD,80860000000,84965000000,4105000000,61933000000,76695000000,2514000000,None,4165000000,None,-221000000,1857000000,221000000,81287000000,1582000000,None,5661000000,11520000000,2650000000,221000000,9079000000,11802000000,11741000000,17402000000,8870000000,XOM
9/30/2021,USD,71349000000,73786000000,2437000000,53454000000,68868000000,2287000000,None,2481000000,None,-214000000,1456000000,214000000,71892000000,224000000,None,4990000000,9414000000,2664000000,214000000,6942000000,5640000000,9628000000,14618000000,6750000000,XOM
6/30/2021,USD,65225000000,67742000000,2517000000,50752000000,62694000000,2345000000,None,2531000000,None,-254000000,1182000000,254000000,65943000000,363000000,None,4952000000,6216000000,1526000000,254000000,4781000000,5194000000,6470000000,11422000000,4690000000,XOM
3/31/2021,USD,56302000000,59147000000,2845000000,45667000000,53671000000,2428000000,None,2631000000,None,-258000000,1215000000,258000000,57552000000,122000000,None,5004000000,3526000000,796000000,258000000,2796000000,3345000000,3784000000,8788000000,2730000000,XOM
12/31/2020,USD,42650000000,46540000000,3890000000,62332000000,37543000000,2736000000,None,5107000000,None,-313000000,24000000,313000000,45714000000,465000000,None,45993282000,-26080000000,-6010000000,313000000,-20603000000,-16586000000,-25767000000,20226282000,-20070000000,XOM
9/30/2020,USD,43636000000,46199000000,2563000000,-153000000,41004000000,2444000000,None,2632000000,None,-279000000,238000000,279000000,45425000000,257000000,None,15718,-343000000,337000000,279000000,-709000000,748000000,-64000000,-64000000,-680000000,XOM
6/30/2020,USD,32549000000,32605000000,56000000,-2624000000,29926000000,2409000000,None,2623000000,None,-317000000,214000000,317000000,32277000000,225000000,None,None,-1551000000,-471000000,317000000,-1169000000,1642000000,-1234000000,-1234000000,-1080000000,XOM
3/31/2020,USD,49746000000,56158000000,6412000000,2777000000,46088000000,2579000000,None,3658000000,None,-249000000,526000000,249000000,55134000000,249000000,None,None,-98000000,512000000,249000000,-770000000,-5456000000,151000000,151000000,-610000000,XOM
12/31/2019,USD,63169000000,67173000000,4004000000,49177000000,59511000000,3048000000,None,3658000000,None,-201000000,976000000,201000000,62920000000,2972000000,None,None,6374000000,684000000,201000000,5730000000,5474000000,6575000000,6575000000,5690000000,XOM
9/30/2019,USD,61939000000,65049000000,3110000000,49011000000,58887000000,2753000000,None,3052000000,None,-232000000,964000000,232000000,63422000000,431000000,None,4873000000,4644000000,1474000000,232000000,3247000000,2098000000,4876000000,9749000000,3170000000,XOM
6/30/2019,USD,64664000000,69091000000,2827000000,53095000000,61504000000,2827000000,None,3160000000,None,-216000000,1143000000,216000000,67491000000,241000000,None,4631000000,4371000000,1241000000,216000000,3391000000,3707000000,4587000000,9218000000,3130000000,XOM
3/31/2019,USD,58876000000,63625000000,2770000000,48342000000,55826000000,2770000000,None,3050000000,None,-181000000,1528000000,181000000,61646000000,270000000,None,4571000000,4233000000,1883000000,181000000,2406000000,3132000000,4414000000,8985000000,2350000000,XOM
12/31/2018,USD,64024000000,71895000000,4229000000,51985000000,60117000000,2848000000,None,3907000000,None,-215000000,None,215000000,-2.11E+11,1886000000,None,5028000000,7915000000,1915000000,215000000,6206000000,4806000000,8130000000,13158000000,6000000000,XOM
9/30/2018,USD,71295000000,76605000000,2892000000,55531000000,68111000000,2892000000,None,3184000000,None,-200000000,None,200000000,74187000000,458000000,None,4658000000,8874000000,2634000000,200000000,6446000000,6479000000,9074000000,13732000000,6240000000,XOM
6/30/2018,USD,68463000000,71456000000,2993000000,54834000000,65138000000,2993000000,None,3325000000,None,-147000000,None,147000000,None,1729000000,None,4589000000,6476000000,2526000000,147000000,3986000000,2333000000,6623000000,11212000000,3950000000,XOM
3/31/2023,USD,2.87E+11,5.09E+11,2.22E+11,2.22E+11,2.31E+11,16152000000,None,None,None,None,11693000000,None,None,None,None,None,2.44E+11,None,None,None,None,None,None,2.07E+11,TSM
12/31/2022,TWD,-53659547000,6.26E+11,6.79E+11,6.79E+11,-64540000000,36567623000,1.19E+11,64540000000,None,None,9486470000,64540000000,None,None,None,None,2.96E+11,-2.96E+11,None,2.96E+11,None,None,-64540000000,5.92E+11,TSM
9/30/2022,TWD,3.70E+11,6.13E+11,2.43E+11,2.43E+11,3.10E+11,14499002000,42977507000,60174503000,None,3245026000,6615044000,3370018000,None,None,None,1.14E+11,3.17E+11,35722460000,None,2.81E+11,None,3.10E+11,4.24E+11,2.81E+11,TSM
6/30/2022,TWD,3.15E+11,5.34E+11,2.19E+11,2.19E+11,2.62E+11,11568594000,39649130000,53344245000,None,641714000,3545945000,2904231000,None,None,None,1.19E+11,2.66E+11,28818029000,None,2.37E+11,None,2.62E+11,3.81E+11,2.37E+11,TSM
3/31/2022,TWD,2.31E+11,4.38E+11,2.07E+11,2.07E+11,1.83E+11,10500027000,32239000000,47983000000,None,-466887000,1259000000,712000000,None,None,None,1.11E+11,1.85E+11,18446000000,None,2.03E+11,None,1.83E+11,2.93E+11,1.66E+11,TSM
12/31/2021,TWD,2.31E+11,4.38E+11,2.07E+11,2.07E+11,1.83E+11,15639000000,32239000000,47983000000,None,-712000000,939000000,712000000,None,None,None,1.11E+11,1.85E+11,18446000000,None,1.66E+11,None,1.84E+11,2.95E+11,1.66E+11,TSM
9/30/2021,TWD,2.13E+11,4.15E+11,2.02E+11,2.02E+11,1.71E+11,8929793000,30866634000,41742647000,None,22481000,1536000000,1334063000,None,None,None,1.07E+11,1.74E+11,17372485000,None,2.01E+11,None,1.74E+11,2.81E+11,1.56E+11,TSM
6/30/2021,TWD,1.86E+11,3.72E+11,1.86E+11,1.86E+11,1.46E+11,7826613000,30873376000,40529613000,None,294282000,1466000000,1134399000,None,None,None,1.04E+11,1.49E+11,14909359000,None,1.34E+11,None,1.49E+11,2.53E+11,1.34E+11,TSM
3/31/2021,TWD,1.95E+11,3.62E+11,1.66E+11,1.66E+11,1.57E+11,6387579000,29940000000,38116000000,None,688809000,1956000000,768627000,None,None,None,97562000000,1.61E+11,18283000000,None,1.40E+11,None,1.57E+11,2.55E+11,1.43E+11,TSM
12/31/2020,TWD,1.95E+11,3.62E+11,1.66E+11,1.66E+11,1.57E+11,6387572000,29940412000,38116151000,None,884424000,2240000000,768627000,None,None,None,97561886000,1.61E+11,18282837000,None,1.43E+11,None,1.62E+11,2.59E+11,1.43E+11,TSM
9/30/2020,TWD,1.90E+11,3.56E+11,1.66E+11,1.66E+11,1.50E+11,9272555000,29683751000,40446147000,None,1524799000,4820918000,373164000,None,None,None,94733076000,1.55E+11,17745852000,None,1.86E+11,None,1.53E+11,2.48E+11,1.37E+11,TSM
6/30/2020,TWD,1.65E+11,3.11E+11,1.46E+11,1.46E+11,1.31E+11,6894405000,24893043000,33529253000,None,2069217000,4857965000,409145000,None,None,None,70875252000,1.36E+11,15506124000,None,1.21E+11,None,1.35E+11,2.06E+11,1.21E+11,TSM
3/31/2020,TWD,1.59E+11,3.17E+11,1.58E+11,1.58E+11,1.24E+11,5903061000,25636000000,34958000000,None,2458505000,3759222000,2675000000,None,0,None,67532000000,1.29E+11,12704000000,None,1.17E+11,None,1.24E+11,1.92E+11,1.16E+11,TSM
12/31/2019,TWD,1.59E+11,3.17E+11,1.58E+11,1.58E+11,1.24E+11,9307000000,25636000000,34958000000,None,2675000000,4243946000,0,None,0,None,67532000000,1.29E+11,12704000000,None,1.16E+11,None,1.29E+11,1.96E+11,1.16E+11,TSM
9/30/2019,TWD,1.39E+11,2.93E+11,1.54E+11,1.54E+11,1.08E+11,5810048000,23972076000,31525142000,None,3072664000,4417771000,843434000,None,0,None,66756000000,1.12E+11,11233817000,None,1.01E+11,None,1.13E+11,1.80E+11,1.01E+11,TSM
6/30/2019,TWD,1.04E+11,2.41E+11,1.37E+11,1.37E+11,76304053000,4288263000,21393728000,27426007000,None,3682166000,4187997000,864751000,None,0,None,75048350000,80545440000,13769589000,None,66775851000,None,81536793000,1.57E+11,66764850000,TSM
3/31/2019,TWD,1.38E+11,2.90E+11,1.52E+11,1.52E+11,1.07E+11,5686868000,23689000000,30995000000,None,3509711000,4408776000,875782000,None,0,None,76030000000,1.11E+11,11077000000,None,61387310000,None,1.07E+11,1.83E+11,99984000000,TSM
12/31/2018,TWD,1.38E+11,2.90E+11,1.52E+11,1.52E+11,1.07E+11,5686868000,23689000000,30995000000,None,None,None,875782000,None,0,None,76030000000,1.11E+11,11077000000,None,4186.53,None,1.12E+11,1.88E+11,99984000000,TSM
9/30/2018,TWD,1.23E+11,2.60E+11,1.37E+11,1.37E+11,95245181000,4656730000,21886199000,28121459000,None,None,None,739068000,None,0,None,73609817000,98896942000,9798870000,None,2915989920,None,1.00E+11,1.74E+11,89071628000,TSM
6/30/2018,TWD,1.12E+11,2.33E+11,1.22E+11,1.22E+11,84428146000,5070594000,19891553000,27102788000,None,None,None,628284000,None,None,None,71408684000,87587608000,15294233000,None,2366821359,None,88373869000,1.60E+11,72290539000,TSM
3/31/2018,TWD,1.39E+11,2.78E+11,1.39E+11,1.39E+11,1.09E+11,6018259000,21217212000,28755086000,None,None,None,830509000,None,None,None,70813463000,1.12E+11,10505558000,None,89787574000,None,1.14E+11,1.85E+11,1.01E+11,TSM
1/29/2023,USD,3833000000,6051000000,2218000000,2218000000,1256000000,625000000,1952000000,2577000000,115000000,-64000000,115000000,64000000,None,-19000000,None,556000000,1288000000,-126000000,64000000,1414000000,1494000000,1352000000,1908000000,1414000000,NVDA
10/30/2022,USD,3177000000,5931000000,2754000000,2754000000,601000000,631000000,1945000000,2576000000,88000000,-65000000,88000000,65000000,None,-11000000,None,181000000,613000000,-67000000,65000000,680000000,647000000,678000000,859000000,680000000,NVDA
7/31/2022,USD,2915000000,6704000000,3789000000,570000000,499000000,592000000,1824000000,2416000000,46000000,-65000000,46000000,65000000,None,-5000000,None,182000000,475000000,-181000000,65000000,656000000,630000000,540000000,722000000,656000000,NVDA
5/1/2022,USD,5431000000,8288000000,2857000000,2857000000,1868000000,592000000,1618000000,3563000000,None,-50000000,1000000,68000000,None,-13000000,None,334000000,1805000000,187000000,None,1618000000,1565000000,1873000000,2027000000,1618000000,NVDA
1/30/2022,USD,4999000000,7643000000,2644000000,2644000000,2970000000,563000000,1466000000,2029000000,9000000,-61000000,9000000,61000000,None,-53000000,None,145000000,2865000000,-138000000,61000000,3003000000,2983000000,2926000000,3071000000,3003000000,NVDA
10/31/2021,USD,4631000000,7103000000,2472000000,2472000000,2671000000,557000000,1403000000,1960000000,7000000,-62000000,7000000,62000000,None,22000000,None,143000000,2638000000,174000000,62000000,2464000000,2465000000,2700000000,2843000000,2464000000,NVDA
8/1/2021,USD,4215000000,6507000000,2292000000,2292000000,2444000000,526000000,1245000000,1771000000,6000000,-60000000,6000000,60000000,None,4000000,None,286000000,2394000000,20000000,60000000,252000000,2368000000,2454000000,2740000000,2374000000,NVDA
5/2/2021,USD,3629000000,5661000000,2032000000,2032000000,1956000000,520000000,1153000000,1673000000,6000000,-53000000,6000000,53000000,None,135000000,None,281000000,2044000000,132000000,53000000,1912000000,1907000000,2097000000,2378000000,1912000000,NVDA
1/31/2021,USD,3156000000,5003000000,1847000000,1847000000,1507000000,503000000,1146000000,1649000000,7000000,-53000000,6000000,53000000,None,9000000,None,288000000,1470000000,13000000,53000000,1457000000,1464000000,1523000000,1811000000,1457000000,NVDA
10/25/2020,USD,2960000000,4726000000,1766000000,1766000000,1398000000,515000000,1047000000,1562000000,7000000,-53000000,7000000,53000000,None,-4000000,None,299000000,1348000000,12000000,53000000,1336000000,1344000000,1401000000,1700000000,1336000000,NVDA
7/26/2020,USD,2275000000,3866000000,1591000000,1591000000,651000000,627000000,997000000,1624000000,13000000,-54000000,13000000,54000000,None,-1000000,None,404000000,609000000,-13000000,54000000,622000000,636000000,663000000,1067000000,622000000,NVDA
4/26/2020,USD,2004000000,3080000000,1076000000,1076000000,976000000,293000000,735000000,1028000000,31000000,-25000000,31000000,25000000,None,-1000000,None,107000000,981000000,64000000,25000000,917000000,906000000,1006000000,1113000000,917000000,NVDA
1/26/2020,USD,2015000000,3105000000,1090000000,1090000000,990000000,287000000,738000000,1025000000,41000000,-13000000,41000000,13000000,3105000000,-2000000,None,106000000,1015000000,65000000,13000000,2015000000,955000000,1028000000,1134000000,950000000,NVDA
10/27/2019,USD,1916000000,3014000000,1098000000,1098000000,927000000,277000000,712000000,989000000,45000000,-13000000,45000000,13000000,3014000000,0,None,92000000,959000000,60000000,13000000,899000000,897000000,972000000,1064000000,899000000,NVDA
7/28/2019,USD,1541000000,2579000000,1038000000,1038000000,571000000,266000000,704000000,970000000,47000000,-13000000,47000000,13000000,2579000000,1000000,None,92000000,606000000,54000000,13000000,552000000,553000000,619000000,711000000,552000000,NVDA
4/28/2019,USD,1296000000,2220000000,924000000,924000000,358000000,264000000,674000000,938000000,44000000,-13000000,44000000,13000000,2220000000,0,None,91000000,389000000,-5000000,13000000,394000000,404000000,402000000,493000000,394000000,NVDA
1/27/2019,USD,1207000000,2205000000,998000000,998000000,294000000,266000000,647000000,913000000,42000000,-14000000,None,14000000,2205000000,2000000,None,78000000,325000000,-242000000,14000000,1207000000,578000000,339000000,417000000,567000000,NVDA
10/28/2018,USD,1921000000,3181000000,1260000000,1260000000,1058000000,258000000,605000000,863000000,37000000,-15000000,None,15000000,3181000000,1000000,None,68000000,1081000000,-149000000,15000000,1230000000,1229000000,1096000000,1164000000,1230000000,NVDA
7/29/2018,USD,1975000000,3123000000,1148000000,1148000000,1157000000,237000000,581000000,818000000,32000000,-14000000,None,14000000,3123000000,5000000,None,58000000,1180000000,79000000,14000000,1101000000,1101000000,1194000000,1252000000,1101000000,NVDA
4/29/2018,USD,2068000000,3207000000,1139000000,1139000000,1295000000,231000000,542000000,773000000,25000000,-15000000,None,15000000,0,6000000,None,57000000,1311000000,67000000,15000000,1244000000,1239000000,1326000000,1383000000,1244000000,NVDA
3/31/2023,USD,22483000000,28591000000,6108000000,6108000000,7227000000,5929000000,9381000000,16231000000,None,-54000000,193000000,54000000,28645000000,80000000,2480000000,151000000,7307000000,1598000000,54000000,5709000000,6258000000,7227000000,7512000000,5709000000,META
12/31/2022,USD,23584000000,31920000000,8336000000,8336000000,6399000000,7659000000,9771000000,17159000000,None,-164000000,32000000,164000000,32084000000,-249000000,2330000000,142000000,6149000000,1496000000,164000000,4653000000,6177000000,6399000000,6455000000,4653000000,META
9/30/2022,USD,21994000000,27710000000,5716000000,5716000000,5664000000,7164000000,9170000000,17237000000,None,-4000000,77000000,4000000,27714000000,-88000000,2130000000,137000000,5576000000,1181000000,4000000,4395000000,2752000000,5664000000,5717000000,4395000000,META
6/30/2022,USD,23626000000,28818000000,5192000000,5192000000,8358000000,6582000000,8690000000,15420000000,None,-4000000,91000000,4000000,28822000000,-172000000,1930000000,148000000,8186000000,1499000000,4000000,6687000000,5272000000,8358000000,8338000000,6687000000,META
3/31/2022,USD,21899000000,27904000000,6005000000,6005000000,8524000000,5672000000,7707000000,13517000000,None,-4000000,384000000,4000000,27908000000,384000000,2120000000,138000000,8908000000,1443000000,4000000,7465000000,6162000000,8524000000,9050000000,7465000000,META
12/31/2021,USD,27179000000,33527000000,6348000000,6348000000,12585000000,7692000000,7046000000,14873000000,None,-4000000,117000000,4000000,33531000000,118000000,1970000000,135000000,12703000000,2418000000,4000000,10285000000,9799000000,12585000000,12842000000,10285000000,META
9/30/2021,USD,23235000000,29006000000,5771000000,5771000000,10423000000,6500000000,6316000000,13028000000,None,-4000000,120000000,4000000,29010000000,142000000,1870000000,212000000,10565000000,1371000000,4000000,9194000000,8702000000,10423000000,10781000000,9194000000,META
6/30/2021,USD,23674000000,29073000000,5399000000,5399000000,12367000000,5215000000,6096000000,11516000000,None,-4000000,121000000,4000000,29077000000,146000000,1860000000,205000000,12513000000,2119000000,4000000,10394000000,10525000000,12367000000,12722000000,10394000000,META
3/31/2021,USD,21036000000,26167000000,5131000000,5131000000,11378000000,4465000000,5197000000,9861000000,None,-4000000,118000000,4000000,26171000000,125000000,1850000000,199000000,11503000000,2006000000,4000000,9497000000,8724000000,11378000000,11706000000,9497000000,META
12/31/2020,USD,22730000000,27940000000,5210000000,5210000000,12775000000,4880000000,5207000000,10282000000,None,-3000000,136000000,3000000,27943000000,280000000,1740000000,195000000,13055000000,1836000000,3000000,11219000000,11838000000,12775000000,13253000000,11219000000,META
9/30/2020,USD,17272000000,21466000000,4194000000,4194000000,8040000000,4473000000,4763000000,9424000000,None,-4000000,146000000,4000000,21470000000,93000000,1580000000,188000000,8133000000,287000000,4000000,7846000000,8296000000,8040000000,8325000000,7846000000,META
6/30/2020,USD,14854000000,18683000000,3829000000,3829000000,5963000000,4433000000,4462000000,9073000000,None,-4000000,162000000,4000000,18687000000,168000000,1580000000,178000000,6131000000,953000000,4000000,5178000000,5580000000,5963000000,6313000000,5178000000,META
3/31/2020,USD,14275000000,17734000000,3459000000,3459000000,5893000000,4370000000,4015000000,8753000000,None,-3000000,228000000,3000000,17737000000,-32000000,1490000000,171000000,5861000000,959000000,3000000,4902000000,4847000000,5893000000,6035000000,4902000000,META
12/31/2019,USD,17475000000,20966000000,3491000000,3491000000,8858000000,4855000000,3878000000,8893000000,None,-11000000,249000000,11000000,20977000000,311000000,1360000000,160000000,9169000000,1820000000,11000000,7349000000,7709000000,8858000000,9340000000,7349000000,META
9/30/2019,USD,14493000000,17648000000,3155000000,3155000000,7185000000,3764000000,3548000000,7508000000,None,-4000000,258000000,4000000,17652000000,144000000,1270000000,196000000,7329000000,1238000000,4000000,6091000000,5725000000,7185000000,7529000000,6091000000,META
6/30/2019,USD,13576000000,16883000000,3307000000,3307000000,4626000000,5638000000,3315000000,9156000000,None,-3000000,219000000,3000000,16886000000,206000000,1340000000,203000000,4832000000,2216000000,3000000,2616000000,2914000000,4626000000,5038000000,2616000000,META
3/31/2019,USD,12261000000,15077000000,2816000000,2816000000,3317000000,6084000000,2860000000,9100000000,None,-2000000,198000000,2000000,15077000000,165000000,1200000000,156000000,3482000000,1053000000,2000000,2429000000,2408000000,3317000000,3640000000,2429000000,META
12/31/2018,USD,13896000000,16692000000,2796000000,2796000000,7820000000,3443000000,2855000000,6532000000,None,None,None,187000000,16701000000,151000000,None,157000000,7971000000,1089000000,None,6882000000,6899000000,7820000000,7977000000,6882000000,META
9/30/2018,USD,11309000000,13727000000,2418000000,2418000000,5781000000,2871000000,2657000000,5684000000,None,None,None,176000000,13727000000,131000000,None,156000000,5912000000,775000000,None,5137000000,5078000000,5781000000,5937000000,5137000000,META
6/30/2018,USD,11017000000,13231000000,2214000000,2214000000,5863000000,2631000000,2523000000,5312000000,None,None,None,143000000,13231000000,5000000,None,158000000,5868000000,762000000,None,5106000000,4713000000,5863000000,6021000000,5106000000,META
3/31/2023,USD,16351000000,24531000000,16289000000,8395000000,4844000000,6138000000,3612000000,11507000000,235000000,-215000000,None,215000000,24746000000,-7228000000,None,1200000000,-737000000,-669000000,215000000,-68000000,273000000,-522000000,678000000,-68000000,JNJ
12/31/2022,USD,15941000000,23706000000,7765000000,7765000000,3727000000,6512000000,4014000000,10526000000,None,77000000,254000000,177000000,None,-1207000000,None,1772000000,4201000000,681000000,None,3520000000,5845000000,4378000000,5499000000,3520000000,JNJ
9/30/2022,USD,15984000000,23791000000,7807000000,7807000000,5822000000,6089000000,3597000000,9686000000,None,99000000,150000000,51000000,None,-493000000,None,1685000000,5822000000,1364000000,None,4458000000,3009000000,5873000000,7983000000,4458000000,JNJ
6/30/2022,USD,16101000000,24020000000,7919000000,7919000000,4513000000,6226000000,3703000000,9929000000,None,26000000,64000000,38000000,None,-273000000,None,1744000000,5840000000,1026000000,None,4814000000,4728000000,5878000000,6257000000,4814000000,JNJ
3/31/2022,USD,15828000000,23416000000,15316000000,7598000000,4032000000,5938000000,4072000000,11796000000,22000000,-10000000,22000000,10000000,23426000000,102000000,None,1100000000,5862000000,713000000,10000000,5149000000,4450000000,5872000000,6972000000,5149000000,JNJ
12/31/2021,USD,16849000000,24508000000,16317000000,7955000000,3755000000,7154000000,4720000000,13094000000,13000000,-60000000,13000000,60000000,24568000000,-9000000,None,1100000000,4836000000,100000000,60000000,4736000000,7093000000,4896000000,5996000000,4736000000,JNJ
9/30/2021,USD,16088000000,23318000000,14410000000,7250000000,4606000000,6000000000,4322000000,11482000000,13000000,-20000000,13000000,20000000,23338000000,-1850000000,None,1100000000,3849000000,182000000,20000000,3667000000,3352000000,3869000000,4969000000,3667000000,JNJ
6/30/2021,USD,15725000000,23272000000,14916000000,7587000000,5002000000,6073000000,3394000000,10723000000,12000000,-40000000,12000000,40000000,23312000000,488000000,None,1200000000,6662000000,384000000,40000000,6278000000,6506000000,6702000000,7902000000,6278000000,JNJ
3/31/2021,USD,15258000000,22258000000,13762000000,7063000000,5394000000,5432000000,3178000000,9864000000,15000000,-63000000,15000000,63000000,22321000000,882000000,None,1200000000,7429000000,1232000000,63000000,6197000000,6111000000,7492000000,8692000000,6197000000,JNJ
12/31/2020,USD,14661000000,22179000000,15666000000,7814000000,2751000000,6457000000,4069000000,11910000000,13000000,-87000000,13000000,87000000,22266000000,-2354000000,None,1300000000,1647000000,-91000000,87000000,1738000000,1434000000,1734000000,3034000000,1738000000,JNJ
9/30/2020,USD,14110000000,21038000000,13671000000,6972000000,4433000000,5431000000,2978000000,9677000000,12000000,-44000000,12000000,44000000,21082000000,-1200000000,None,1200000000,4401000000,847000000,44000000,3554000000,4149000000,4445000000,5645000000,3554000000,JNJ
6/30/2020,USD,11757000000,18291000000,12733000000,6579000000,2890000000,4993000000,2713000000,8867000000,19000000,-45000000,19000000,45000000,18336000000,-24000000,None,1100000000,3940000000,314000000,45000000,3626000000,4336000000,3985000000,5085000000,3626000000,JNJ
3/31/2020,USD,13629000000,20666000000,13434000000,7062000000,4655000000,5203000000,2580000000,8974000000,67000000,-25000000,67000000,25000000,20691000000,679000000,None,1100000000,6509000000,713000000,25000000,5796000000,5444000000,6534000000,7634000000,5796000000,JNJ
12/31/2019,USD,13613000000,20747000000,341000000,7134000000,13008000000,6039000000,3232000000,605000000,81000000,-85000000,81000000,85000000,20747000000,-16000000,None,1200000000,4218000000,208000000,85000000,4218000000,4218000000,4303000000,5503000000,4010000000,JNJ
9/30/2019,USD,13862000000,20681000000,13410000000,6867000000,4720000000,5374000000,2599000000,9142000000,89000000,-48000000,89000000,48000000,20729000000,-4214000000,None,1100000000,1647000000,-106000000,48000000,1753000000,1189000000,1695000000,2795000000,1753000000,JNJ
6/30/2019,USD,13622000000,20479000000,13643000000,6940000000,4253000000,5546000000,2666000000,9369000000,88000000,-83000000,88000000,83000000,20562000000,1683000000,None,1100000000,7041000000,1434000000,83000000,5607000000,6155000000,7124000000,8224000000,5607000000,JNJ
3/31/2019,USD,13406000000,19919000000,13883000000,6615000000,2393000000,5219000000,3748000000,11013000000,99000000,-102000000,99000000,102000000,20021000000,22000000,None,1100000000,4422000000,673000000,102000000,3749000000,3454000000,4524000000,5624000000,3749000000,JNJ
12/31/2018,USD,13433000000,20394000000,227000000,6961000000,11918000000,5991000000,3224000000,1515000000,196000000,-250000000,None,250000000,20394000000,-978000000,None,1100000000,3122000000,80000000,250000000,1222000000,1222000000,3372000000,4472000000,3042000000,JNJ
9/30/2018,USD,13759000000,20105000000,12220000000,6589000000,4494000000,5543000000,3634000000,9265000000,175000000,-243000000,None,243000000,20348000000,-3000000,None,1100000000,4423000000,489000000,243000000,3934000000,4064000000,4666000000,5766000000,3934000000,JNJ
6/30/2018,USD,13903000000,20830000000,176000000,6927000000,13024000000,5743000000,2639000000,879000000,126000000,-253000000,None,253000000,20830000000,-364000000,None,1100000000,4973000000,1019000000,253000000,4973000000,1785000000,5226000000,6326000000,3954000000,JNJ
3/31/2023,USD,5503000000,7843000000,2340000000,1694000000,5336000000,591000000,None,825000000,None,-142000000,58000000,142000000,7985000000,84000000,None,234000000,5278000000,1021000000,None,4257000000,4526000000,5336000000,5570000000,4257000000,V
12/31/2022,USD,5581000000,7799000000,2218000000,1515000000,5090000000,654000000,None,881000000,None,-137000000,113000000,137000000,7936000000,24000000,None,227000000,4977000000,798000000,None,4179000000,5289000000,5090000000,5317000000,4179000000,V
9/30/2022,USD,5498000000,7847000000,2349000000,1541000000,5087000000,767000000,None,993000000,None,-159000000,219000000,159000000,7938000000,-60000000,None,226000000,4868000000,928000000,None,176000000,176000000,5087000000,5313000000,3940000000,V
6/30/2022,USD,5049000000,7164000000,2115000000,1461000000,4148000000,602000000,None,832000000,None,-111000000,319000000,111000000,7275000000,-208000000,None,230000000,3829000000,418000000,None,3411000000,2549000000,4148000000,4378000000,3411000000,V
3/31/2022,USD,4983000000,7055000000,2072000000,1416000000,4802000000,639000000,None,846000000,None,-134000000,260000000,134000000,7189000000,-126000000,None,207000000,4542000000,895000000,None,3647000000,3314000000,4802000000,5009000000,3647000000,V
12/31/2021,USD,5080000000,6925000000,1845000000,1315000000,4776000000,522000000,None,720000000,None,-134000000,121000000,134000000,7059000000,255000000,None,198000000,4897000000,938000000,None,3959000000,3451000000,4776000000,4974000000,3959000000,V
9/30/2021,USD,4695000000,6616000000,1921000000,1239000000,4315000000,672000000,None,874000000,None,-125000000,17000000,125000000,6741000000,108000000,None,202000000,4298000000,714000000,None,3584000000,3419000000,4315000000,4517000000,3584000000,V
6/30/2021,USD,4225000000,5999000000,1774000000,1284000000,4064000000,472000000,None,676000000,None,-131000000,131000000,131000000,6130000000,456000000,None,204000000,4389000000,1814000000,None,2575000000,2804000000,4064000000,4268000000,2575000000,V
3/31/2021,USD,3724000000,5608000000,1884000000,1293000000,3581000000,569000000,None,770000000,None,-121000000,121000000,121000000,5729000000,168000000,None,201000000,3628000000,602000000,None,3026000000,2244000000,3581000000,3782000000,3026000000,V
12/31/2020,USD,3965000000,5551000000,1586000000,1154000000,3844000000,408000000,None,605000000,None,-136000000,136000000,136000000,5687000000,40000000,None,197000000,3748000000,622000000,None,3126000000,3926000000,3844000000,4041000000,3126000000,V
9/30/2020,USD,3805000000,5467000000,1662000000,1113000000,3142000000,544000000,None,740000000,None,-145000000,145000000,145000000,-16596000000,58000000,None,196000000,3055000000,918000000,None,2137000000,2770000000,3142000000,3338000000,2137000000,V
6/30/2020,USD,3125000000,4695000000,1570000000,1113000000,2999000000,432000000,None,629000000,None,-142000000,142000000,142000000,4837000000,75000000,None,197000000,2932000000,559000000,None,2373000000,2538000000,2999000000,3196000000,2373000000,V
3/31/2020,USD,4101000000,5737000000,1636000000,1123000000,3924000000,504000000,None,696000000,None,-118000000,118000000,118000000,5855000000,23000000,None,192000000,3829000000,745000000,None,3084000000,2980000000,3924000000,4116000000,3084000000,V
12/31/2019,USD,4196000000,5947000000,1751000000,1163000000,4016000000,587000000,None,769000000,None,-111000000,111000000,111000000,6058000000,69000000,None,182000000,3974000000,702000000,None,3272000000,3607000000,4016000000,4198000000,3272000000,V
9/30/2019,USD,4447000000,6137000000,1690000000,1064000000,3735000000,647000000,None,819000000,None,-120000000,120000000,120000000,80000000,96000000,None,172000000,3711000000,686000000,None,3025000000,2265000000,3735000000,3907000000,3025000000,V
6/30/2019,USD,4206000000,5840000000,1634000000,1056000000,3908000000,597000000,None,762000000,None,-128000000,128000000,128000000,1000000,86000000,None,165000000,3866000000,765000000,None,3101000000,3297000000,3908000000,4073000000,3101000000,V
3/31/2019,USD,3935000000,5494000000,1559000000,1065000000,3641000000,505000000,None,665000000,None,-140000000,140000000,140000000,15000000,176000000,None,160000000,3677000000,700000000,None,2977000000,2616000000,3641000000,3801000000,2977000000,V
12/31/2018,USD,3988000000,5506000000,1518000000,980000000,3717000000,552000000,None,711000000,None,-145000000,None,145000000,5506000000,58000000,None,159000000,3630000000,653000000,None,2977000000,2698000000,3717000000,3876000000,2977000000,V
9/30/2018,USD,1380000000,5434000000,4054000000,1003000000,3406000000,721000000,None,884000000,None,-150000000,None,150000000,None,282000000,None,163000000,3538000000,693000000,None,2845000000,2651000000,3406000000,3569000000,2845000000,V
6/30/2018,USD,4618000000,5240000000,622000000,1021000000,2885000000,470000000,None,622000000,None,-155000000,None,155000000,None,82000000,None,152000000,2812000000,483000000,None,2329000000,1342000000,2885000000,3037000000,2329000000,V
1/31/2023,USD,38625000000,1.64E+11,1.25E+11,1.25E+11,5561000000,33064000000,None,33660000000,103000000,-507000000,18000000,525000000,1.63E+11,3848000000,None,2811000000,9368000000,3093000000,525000000,5809000000,6637000000,5561000000,12323000000,6275000000,WMT
10/31/2022,USD,37200000000,1.53E+11,1.16E+11,1.16E+11,2695000000,34505000000,None,34505000000,84000000,-500000000,84000000,584000000,1.51E+11,-3626000000,None,2755000000,-1462000000,336000000,584000000,-1767000000,-2684000000,2695000000,1908000000,-1798000000,WMT
7/31/2022,USD,37021000000,1.53E+11,1.16E+11,1.16E+11,6854000000,30167000000,None,30167000000,31000000,-448000000,31000000,479000000,1.51E+11,238000000,None,2968000000,6646000000,1497000000,479000000,5147000000,3753000000,6854000000,9822000000,5149000000,WMT
4/30/2022,USD,34722000000,1.42E+11,1.07E+11,1.07E+11,5318000000,29404000000,None,29404000000,36000000,-419000000,36000000,455000000,1.40E+11,-1998000000,None,2680000000,2852000000,798000000,455000000,2103000000,2322000000,5318000000,6036000000,2054000000,WMT
1/31/2022,USD,37349000000,1.53E+11,1.16E+11,1.16E+11,5887000000,31462000000,None,32027000000,47000000,-380000000,-41000000,339000000,1.52E+11,-725000000,None,1957000000,4711000000,1149000000,329000000,3633000000,3284000000,5887000000,7844000000,3562000000,WMT
10/31/2021,USD,35502000000,1.41E+11,1.05E+11,1.05E+11,5792000000,29710000000,None,29710000000,44000000,-442000000,44000000,486000000,1.37E+11,-1203000000,None,2650000000,4120000000,1015000000,2886000000,3132000000,2593000000,5792000000,7256000000,3105000000,WMT
7/31/2021,USD,35865000000,1.41E+11,1.05E+11,1.05E+11,7354000000,28511000000,None,28511000000,37000000,-478000000,37000000,515000000,1.40E+11,-953000000,None,2641000000,5835000000,1559000000,515000000,4364000000,4246000000,7354000000,8991000000,4276000000,WMT
4/30/2021,USD,35038000000,1.38E+11,1.03E+11,1.03E+11,6909000000,28129000000,None,28962000000,30000000,-536000000,30000000,566000000,1.37E+11,-2529000000,None,2661000000,3763000000,1033000000,566000000,2811000000,6550000000,6909000000,6990000000,2730000000,WMT
1/31/2021,USD,36818000000,1.52E+11,1.15E+11,1.15E+11,5487000000,31331000000,None,39287000000,30000000,-494000000,-11000000,483000000,1.44E+11,None,None,2819000000,-676000000,1415000000,483000000,-2008000000,759000000,5487000000,2667000000,-2091000000,WMT
10/31/2020,USD,34369000000,1.35E+11,1.00E+11,1.00E+11,5778000000,28591000000,None,28591000000,25000000,-516000000,25000000,541000000,1.34E+11,1853000000,None,2771000000,7049000000,1914000000,541000000,5201000000,6303000000,5778000000,10361000000,5135000000,WMT
7/31/2020,USD,35053000000,1.38E+11,1.03E+11,1.03E+11,6059000000,28994000000,None,28994000000,23000000,-635000000,23000000,658000000,1.37E+11,3222000000,None,2771000000,8683000000,2207000000,658000000,6439000000,6860000000,6059000000,12112000000,6476000000,WMT
4/30/2020,USD,32596000000,1.35E+11,1.02E+11,1.02E+11,5224000000,27372000000,None,27372000000,43000000,-549000000,43000000,592000000,1.34E+11,721000000,None,2791000000,5312000000,1322000000,592000000,4074000000,627000000,5224000000,8695000000,3990000000,WMT
1/31/2020,USD,33923000000,1.42E+11,1.08E+11,1.08E+11,5322000000,28601000000,None,21638000000,41000000,-611000000,264000000,875000000,1.41E+11,962000000,None,-7679000000,5520000000,1379000000,875000000,33923000000,3718000000,5322000000,-1284000000,4141000000,WMT
10/31/2019,USD,32091000000,1.28E+11,95900000000,95900000000,4718000000,27373000000,None,27500000000,44000000,-589000000,36000000,625000000,1.27E+11,244000000,None,2723000000,4340000000,1052000000,625000000,3288000000,2176000000,4718000000,7688000000,3288000000,WMT
7/31/2019,USD,32454000000,1.30E+11,97923000000,97923000000,5583000000,26871000000,None,26987000000,56000000,-585000000,48000000,633000000,1.29E+11,-85000000,None,2722000000,4843000000,1233000000,633000000,3610000000,3431000000,5583000000,8198000000,3610000000,WMT
4/30/2019,USD,30891000000,1.24E+11,93034000000,93034000000,4945000000,25946000000,None,28660000000,48000000,-625000000,48000000,673000000,1.23E+11,837000000,None,2714000000,5093000000,1251000000,673000000,3842000000,4293000000,4945000000,8480000000,3842000000,WMT
1/31/2019,USD,33886000000,1.39E+11,1.05E+11,1.05E+11,6067000000,27819000000,None,30554000000,64000000,-605000000,64000000,669000000,1.38E+11,202000000,None,2731000000,5538000000,1851000000,669000000,3687000000,3614000000,6067000000,8938000000,3687000000,WMT
10/31/2018,USD,31778000000,1.25E+11,93116000000,93116000000,4986000000,26792000000,None,26792000000,59000000,-534000000,59000000,593000000,1.24E+11,-1876000000,None,2615000000,2469000000,759000000,593000000,1710000000,2870000000,4986000000,5677000000,1710000000,WMT
7/31/2018,USD,32457000000,1.28E+11,95571000000,95571000000,5750000000,26707000000,None,26707000000,51000000,-503000000,51000000,554000000,0,-4849000000,None,2654000000,264000000,1125000000,554000000,-861000000,-3209000000,5750000000,3472000000,-861000000,WMT
4/30/2018,USD,30983000000,1.23E+11,91707000000,91707000000,5154000000,25829000000,None,28507000000,43000000,-487000000,43000000,530000000,1.22E+11,-1845000000,None,2678000000,2680000000,546000000,530000000,2134000000,3470000000,5154000000,5888000000,2134000000,WMT
3/31/2023,USD,3699900000,6960000000,3260100000,1626700000,-34400000,1749200000,1985100000,3734300000,34200000,-102800000,68600000,102800000,None,2200000,None,210000000,1529700000,184800000,102800000,1344900000,1412200000,1632500000,1704000000,1344900000,LLY
12/31/2022,USD,3585600000,7301800000,3716200000,1548100000,-671300000,1643200000,1995900000,4256900000,25500000,-84000000,58500000,84000000,0,-31300000,None,556400000,2096400000,158700000,84000000,1937700000,2388900000,2180400000,2392800000,1937700000,LLY
9/30/2022,USD,3634200000,6941600000,3307400000,1579100000,10600000,1614200000,1802900000,3623600000,20100000,-81500000,20100000,81500000,0,-18700000,None,362900000,1565500000,113800000,81500000,1451700000,1443600000,1647000000,2402100000,1451700000,LLY
6/30/2022,USD,3526700000,6488000000,2961300000,1430500000,119700000,1625100000,1781900000,3407000000,10200000,-81200000,10200000,81200000,None,-23600000,None,348900000,1090900000,138400000,81200000,952500000,890100000,1172100000,2080300000,952500000,LLY
3/31/2022,USD,4273300000,7810000000,3536700000,2072100000,1105300000,1557900000,1610100000,3168000000,7000000,-84900000,7000000,84900000,None,59300000,None,331200000,2053600000,150700000,84900000,1902900000,2020700000,2138500000,2735500000,1902900000,LLY
12/31/2021,USD,3697000000,7999900000,4302900000,2050200000,-587700000,1592000000,1898300000,4284700000,7400000,-81400000,74000000,81400000,0,17300000,None,445700000,1839900000,113800000,81400000,1726100000,3555700000,1921300000,2367000000,1726100000,LLY
9/30/2021,USD,3836700000,6772800000,2936100000,1430800000,549900000,1577900000,1705300000,3286800000,7000000,-83600000,76600000,83600000,-405200000,20100000,None,382300000,1245300000,135200000,488800000,1110100000,1224500000,1328900000,1711200000,1110100000,LLY
6/30/2021,USD,3172300000,6740100000,3567800000,1953200000,-186200000,1685700000,1655000000,3358500000,5400000,-86900000,5400000,86900000,None,-14500000,None,369300000,1593900000,203700000,86900000,1390200000,1498700000,1680800000,2050100000,1390200000,LLY
3/31/2021,USD,3212800000,6805600000,3592800000,1878600000,-259600000,1576000000,1672100000,3472400000,5500000,-87800000,5500000,87800000,None,28500000,None,350300000,1476400000,121100000,87800000,1355300000,1456100000,1564200000,1914500000,1355300000,LLY
12/31/2020,USD,3825500000,7440000000,3614500000,1719800000,35500000,1553900000,1728600000,3790000000,5800000,-89200000,83400000,89200000,0,-34000000,None,367500000,2469100000,352300000,89200000,2116800000,2175500000,2558300000,2925800000,2116800000,LLY
9/30/2020,USD,2857700000,5740600000,2882900000,1326400000,-278200000,1569100000,1465400000,3135900000,5800000,-89600000,83800000,89600000,0,-13000000,None,358400000,1437200000,228800000,89600000,1208400000,1336200000,1526800000,1885200000,1208400000,LLY
6/30/2020,USD,2864700000,5499400000,2634700000,1222000000,25900000,1448600000,1390200000,2838800000,7100000,-88300000,7100000,88300000,0,-84600000,None,324400000,1643700000,231700000,88300000,1412000000,1615000000,1732000000,2056400000,1412000000,LLY
3/31/2020,USD,3079800000,5859800000,2780000000,1215100000,78200000,1549600000,1392100000,3001600000,14300000,-92500000,14300000,92500000,0,-63900000,None,273600000,1679900000,223400000,92500000,1456500000,1094200000,1772400000,2046000000,1456500000,LLY
12/31/2019,USD,4679700000,6114000000,1434300000,1282600000,1400200000,1698100000,1581400000,3279500000,13200000,-95900000,13200000,95900000,-3933000000,-164900000,None,340700000,1663100000,167400000,348400000,1495700000,1495700000,1759000000,2099700000,1495700000,LLY
9/30/2019,USD,2941500000,5476600000,2535100000,1175000000,148300000,1412300000,1380900000,2793200000,17300000,-107400000,17300000,107400000,0,13000000,None,288000000,1405800000,151900000,107400000,1253900000,1119900000,1513200000,1801200000,1253900000,LLY
6/30/2019,USD,2975300000,5636700000,2661400000,1124900000,-13200000,1586300000,1402200000,2988500000,19400000,-110900000,19400000,110900000,0,9300000,None,247400000,1465900000,138700000,110900000,1327200000,1414200000,1576800000,1824200000,1327200000,LLY
3/31/2019,USD,2068400000,5092200000,3023800000,1138700000,-1103100000,1517100000,1230500000,2747600000,30600000,-86500000,104800000,86500000,3680500000,86000000,None,356500000,4411600000,170000000,86500000,561100000,4294300000,4498100000,4854600000,4241600000,LLY
12/31/2018,USD,4598900000,5637600000,1839700000,1129900000,1283600000,1693600000,1391800000,3085500000,42500000,-78200000,-21000000,57200000,242100000,-19100000,None,345500000,935200000,-189800000,-163900000,1125100000,1125100000,992400000,1362600000,1125000000,LLY
9/30/2018,USD,2862600000,5306900000,3199300000,1152900000,-180600000,1457200000,1280900000,2738100000,32100000,-69400000,-8600000,60800000,0,-35700000,None,415500000,1397000000,247500000,69400000,1149500000,1809700000,1457800000,1895900000,1149500000,LLY
6/30/2018,USD,2979300000,5585000000,3375900000,1234300000,-81900000,1485600000,1271000000,2756600000,41200000,-63300000,None,63300000,0,13900000,None,425200000,13400000,273300000,63300000,-259900000,-931100000,76700000,493300000,-259900000,LLY
3/31/2023,USD,15582000000,54642000000,22382000000,3299000000,8614000000,4344000000,None,6968000000,4215000000,20711000000,37004000000,16293000000,17638000000,None,None,-16722000000,15967000000,3345000000,16293000000,12622000000,15545000000,32260000000,15538000000,12622000000,JPM
12/31/2022,USD,11123000000,47409000000,21310000000,None,3882000000,4620000000,None,7241000000,3657000000,20192000000,33054000000,12862000000,14355000000,None,None,1671000000,13237000000,2229000000,12862000000,11008000000,12801000000,26099000000,12826000000,11008000000,JPM
9/30/2022,USD,12373000000,40809000000,20715000000,3528000000,5242000000,4545000000,None,7131000000,2932000000,17518000000,25611000000,8093000000,15198000000,None,None,1771000000,12001000000,2264000000,8093000000,9737000000,4972000000,20094000000,11519000000,9737000000,JPM
6/30/2022,USD,11842000000,34233000000,19850000000,3505000000,4914000000,4386000000,None,6928000000,2534000000,15128000000,18646000000,3518000000,15587000000,None,None,1789000000,10865000000,2216000000,3518000000,8649000000,3847000000,14383000000,10411000000,8649000000,JPM
3/31/2022,USD,10828000000,32341000000,20654000000,3634000000,3723000000,4414000000,None,7105000000,2224000000,13872000000,15496000000,1624000000,16845000000,None,None,1820000000,10063000000,1781000000,1624000000,8282000000,-1201000000,11687000000,9626000000,8282000000,JPM
12/31/2021,USD,-2315000000,30675000000,16600000000,9814000000,-9765000000,4610000000,None,7450000000,1979000000,13601000000,15019000000,1418000000,15656000000,None,None,1931000000,12657000000,2258000000,1418000000,10399000000,9352000000,14075000000,12185000000,10399000000,JPM
9/30/2021,USD,17881000000,31047000000,15536000000,3582000000,10988000000,4294000000,None,6893000000,1815000000,13080000000,14480000000,1400000000,16567000000,None,None,1928000000,14111000000,2424000000,1400000000,11687000000,10080000000,15511000000,13653000000,11687000000,JPM
6/30/2021,USD,19727000000,31832000000,15382000000,3578000000,12953000000,4204000000,None,6774000000,1847000000,12741000000,14094000000,1353000000,17738000000,None,None,2003000000,15097000000,3149000000,1353000000,11948000000,13477000000,16450000000,14645000000,11948000000,JPM
3/31/2021,USD,24269000000,33648000000,14569000000,3634000000,17653000000,4385000000,None,6616000000,1882000000,12889000000,14271000000,1382000000,19377000000,None,None,2070000000,17697000000,3397000000,1382000000,14300000000,7355000000,19079000000,17248000000,14300000000,JPM
12/31/2020,USD,26948000000,30627000000,14159000000,None,19936000000,4492000000,None,7012000000,1923000000,13258000000,14550000000,1292000000,16077000000,None,None,2127000000,15176000000,3040000000,1292000000,12136000000,11182000000,16468000000,14738000000,12136000000,JPM
9/30/2020,USD,13453000000,30942000000,17486000000,3706000000,6575000000,4176000000,None,6878000000,2110000000,13013000000,14700000000,1687000000,16242000000,None,None,2141000000,11769000000,2326000000,1687000000,9443000000,9594000000,13456000000,11341000000,9443000000,JPM
6/30/2020,USD,-2451000000,35334000000,27415000000,3670000000,-8719000000,4151000000,None,6268000000,2461000000,13853000000,16112000000,2259000000,19222000000,None,None,2149000000,5660000000,973000000,2259000000,4687000000,6058000000,7919000000,5238000000,4687000000,JPM
3/31/2020,USD,-2528000000,33008000000,25135000000,3644000000,-9256000000,4503000000,None,6728000000,2533000000,14439000000,19161000000,4722000000,13847000000,None,None,2197000000,3210000000,345000000,4722000000,2865000000,8714000000,7932000000,2778000000,2865000000,JPM
12/31/2019,USD,7444000000,34367000000,17766000000,None,415000000,4562000000,None,7029000000,2558000000,14166000000,19927000000,5761000000,14440000000,None,None,2139000000,10886000000,2366000000,5761000000,8520000000,8289000000,16647000000,10136000000,8520000000,JPM
9/30/2019,USD,12355000000,36184000000,17936000000,3604000000,5740000000,4549000000,None,6615000000,2450000000,14228000000,21121000000,6893000000,15063000000,None,None,2145000000,11405000000,2325000000,6893000000,9080000000,9766000000,18298000000,10931000000,9080000000,JPM
6/30/2019,USD,11271000000,35952000000,17490000000,3438000000,4690000000,4300000000,None,6581000000,2215000000,14398000000,21603000000,7205000000,14349000000,None,None,2046000000,11342000000,1690000000,7205000000,9652000000,11324000000,18547000000,10882000000,9652000000,JPM
3/31/2019,USD,10744000000,36059000000,17890000000,3432000000,4475000000,4311000000,None,6269000000,2068000000,14453000000,21389000000,6936000000,14670000000,None,None,2038000000,11233000000,2054000000,7441000000,9179000000,10128000000,18169000000,10807000000,9179000000,JPM
12/31/2018,USD,8938000000,32110000000,17268000000,8232000000,821000000,5966000000,None,8117000000,1951000000,14354000000,20601000000,6247000000,11509000000,None,None,2075000000,8841000000,1775000000,6684000000,7066000000,7984000000,15088000000,8417000000,7066000000,JPM
9/30/2018,USD,10773000000,32791000000,16571000000,3233000000,4636000000,4031000000,None,6137000000,1796000000,13908000000,19439000000,5531000000,13352000000,None,None,1992000000,10689000000,2309000000,5932000000,8380000000,7093000000,16220000000,10257000000,8380000000,JPM
6/30/2018,USD,10474000000,32834000000,17181000000,852000000,-3937000000,12285000000,None,14411000000,1778000000,13485000000,18566000000,5081000000,14268000000,None,852000000,1927000000,10572000000,2256000000,5384000000,8316000000,8241000000,15653000000,10136000000,8316000000,JPM
3/31/2023,USD,4166000000,20068000000,15902000000,10404000000,4248000000,5416000000,None,5498000000,83000000,-222000000,83000000,222000000,None,179000000,None,692000000,4261000000,864000000,222000000,3424000000,3637000000,4483000000,5175000000,3397000000,PG
12/31/2022,USD,4706000000,20773000000,16067000000,10897000000,4785000000,5091000000,None,5170000000,66000000,-171000000,105000000,171000000,None,155000000,None,653000000,4809000000,876000000,171000000,3959000000,4238000000,4980000000,5633000000,3933000000,PG
9/30/2022,USD,4276000000,20612000000,16336000000,10846000000,4939000000,4827000000,None,5489000000,42000000,-123000000,81000000,123000000,None,139000000,None,663000000,4973000000,1034000000,123000000,3963000000,3317000000,5096000000,5759000000,3939000000,PG
6/30/2022,USD,5118000000,19515000000,14397000000,10802000000,3598000000,5115000000,None,5594000000,21000000,-115000000,21000000,115000000,0,146000000,None,-1773000000,3644000000,592000000,115000000,3058000000,4311000000,3759000000,1986000000,3052000000,PG
3/31/2022,USD,3945000000,19381000000,15436000000,10326000000,4024000000,5031000000,None,5110000000,9000000,-109000000,9000000,109000000,0,147000000,None,690000000,4059000000,704000000,109000000,3367000000,3471000000,4168000000,4858000000,3355000000,PG
12/31/2021,USD,5094000000,20953000000,15859000000,10664000000,5168000000,5121000000,None,5195000000,10000000,-106000000,96000000,106000000,None,167000000,None,684000000,5220000000,997000000,106000000,4242000000,4721000000,5326000000,6010000000,4223000000,PG
9/30/2021,USD,4312000000,20338000000,16026000000,10365000000,5023000000,4950000000,None,5588000000,11000000,-109000000,98000000,109000000,None,110000000,None,711000000,5021000000,909000000,109000000,4126000000,3794000000,5130000000,5841000000,4112000000,PG
6/30/2021,USD,4917000000,18946000000,14029000000,9791000000,3540000000,5615000000,None,6137000000,15000000,-117000000,15000000,117000000,16000000,126000000,None,-1707000000,3562000000,656000000,117000000,2908000000,4651000000,3679000000,1972000000,2906000000,PG
3/31/2021,USD,3573000000,18109000000,14536000000,8922000000,3785000000,5402000000,None,5614000000,11000000,-106000000,95000000,106000000,0,187000000,None,683000000,3897000000,628000000,106000000,3249000000,2871000000,4003000000,4686000000,3269000000,PG
12/31/2020,USD,5236000000,19745000000,14509000000,9253000000,5380000000,5112000000,None,5256000000,9000000,-143000000,9000000,143000000,None,-369000000,None,671000000,4844000000,990000000,143000000,3887000000,4644000000,4987000000,5658000000,3854000000,PG
9/30/2020,USD,4588000000,19318000000,14730000000,9142000000,5281000000,4895000000,None,5576000000,10000000,-136000000,126000000,136000000,None,142000000,None,671000000,5266000000,989000000,136000000,4308000000,4561000000,5402000000,6073000000,4277000000,PG
6/30/2020,USD,17698000000,17698000000,12740000000,8942000000,3481000000,5275000000,None,5594000000,22000000,-157000000,135000000,157000000,-7000000,115000000,None,-1839000000,3475000000,675000000,157000000,3481000000,2551000000,3632000000,1793000000,2800000000,PG
3/31/2020,USD,3144000000,17214000000,14070000000,8716000000,3453000000,5045000000,None,5354000000,39000000,-100000000,39000000,100000000,0,106000000,None,799000000,3458000000,541000000,100000000,2957000000,1943000000,3558000000,4357000000,2917000000,PG
12/31/2019,USD,4286000000,18240000000,13954000000,8869000000,4482000000,4889000000,None,5085000000,36000000,-100000000,36000000,100000000,None,114000000,None,677000000,4506000000,789000000,100000000,3743000000,4073000000,4606000000,5283000000,3717000000,PG
9/30/2019,USD,3474000000,17798000000,14324000000,8723000000,4290000000,4785000000,None,5599000000,58000000,-108000000,58000000,108000000,None,103000000,None,723000000,4319000000,726000000,108000000,3617000000,3231000000,4427000000,5150000000,3593000000,PG
6/30/2019,USD,17094000000,17094000000,20955000000,8938000000,-5192000000,5003000000,None,13609000000,52000000,-111000000,52000000,111000000,None,186000000,None,-1655000000,-5069000000,172000000,111000000,-5192000000,-5209000000,-4958000000,-6613000000,-5241000000,PG
3/31/2019,USD,3015000000,16462000000,13447000000,8427000000,3229000000,4806000000,None,5020000000,52000000,-131000000,79000000,131000000,None,128000000,None,711000000,3247000000,502000000,131000000,2776000000,2933000000,3378000000,4089000000,2745000000,PG
12/31/2018,USD,3638000000,17438000000,13800000000,8919000000,3896000000,4623000000,None,4881000000,63000000,-138000000,None,138000000,None,95000000,None,650000000,3894000000,700000000,138000000,3216000000,3171000000,4032000000,4682000000,3194000000,PG
9/30/2018,USD,2774000000,16690000000,13916000000,8484000000,3554000000,4652000000,None,5071000000,53000000,-129000000,None,129000000,None,462000000,None,643000000,3928000000,729000000,129000000,3211000000,3141000000,4057000000,4700000000,3199000000,PG
6/30/2018,USD,16503000000,16503000000,12598000000,9070000000,2587000000,4846000000,1908000000,5480000000,63000000,-136000000,None,136000000,-170000000,-225000000,None,-1782000000,2290000000,399000000,482000000,1890000000,1033000000,2426000000,644000000,1891000000,PG
3/31/2023,USD,25,25,8182000000,8182000000,28,13483000000,None,None,None,None,270000000,None,None,None,None,None,24737000000,None,None,None,None,None,28,19814000000,NVO
12/31/2022,USD,39830000000,48092000000,8262000000,8262000000,8279000000,1348000000,8085000000,22743000000,None,4656000000,3200000000,8037000000,None,None,None,2035000000,16316000000,2724000000,None,13592000000,None,8279000000,10314000000,13592000000,NVO
9/30/2022,USD,38366000000,45566000000,7200000000,7200000000,20184000000,1158000000,5633000000,18182000000,None,-2152000000,2152000000,3725000000,None,None,None,3614000000,18032000000,3627000000,None,14405000000,None,20184000000,23798000000,14405000000,NVO
6/30/2022,USD,35196000000,41265000000,6069000000,6069000000,18391000000,991000000,5123000000,16805000000,None,-1596000000,1656000000,3252000000,None,None,None,3292000000,16795000000,3477000000,None,13318000000,None,18391000000,21683000000,13318000000,NVO
3/31/2022,USD,35114000000,42031000000,6917000000,6917000000,19147000000,970000000,5206000000,15967000000,None,-1228000000,210000000,1438000000,None,None,None,1860000000,17919000000,3709000000,None,14210000000,None,19147000000,21007000000,14210000000,NVO
12/31/2021,USD,32092000000,38333000000,6241000000,6241000000,11726000000,1190000000,5632000000,18458000000,None,-1137000000,521000000,1387000000,None,None,None,2082000000,13113000000,2221000000,None,10892000000,None,11726000000,13808000000,10892000000,NVO
9/30/2021,USD,29563000000,35622000000,6059000000,6059000000,15249000000,1024000000,4252000000,14314000000,None,-137000000,790000000,927000000,None,None,None,1349000000,15112000000,2993000000,None,12119000000,None,16039000000,17388000000,12119000000,NVO
6/30/2021,USD,27494000000,33041000000,5547000000,5547000000,14779000000,904000000,3944000000,12715000000,None,138000000,138000000,None,None,None,None,1217000000,14917000000,2794000000,None,12123000000,None,14917000000,16134000000,12123000000,NVO
3/31/2021,USD,27993000000,33804000000,5811000000,5811000000,14982000000,932000000,3944000000,13011000000,None,956000000,1753000000,797000000,None,None,None,1377000000,15938000000,3315000000,None,12623000000,None,16735000000,18112000000,12623000000,NVO
12/31/2020,USD,26519000000,32138000000,5619000000,5619000000,11178000000,1198000000,4483000000,15341000000,None,1617000000,61000000,1706000000,None,None,None,1379000000,12002000000,2684000000,None,9318000000,None,10296000000,11675000000,9318000000,NVO
9/30/2020,USD,25772000000,30927000000,5155000000,5155000000,12808000000,1006000000,3911000000,12964000000,None,-117000000,117000000,279000000,None,None,None,2130000000,12691000000,2393000000,None,10298000000,None,12970000000,15100000000,10298000000,NVO
6/30/2020,USD,25234000000,30006000000,4772000000,4772000000,13838000000,827000000,3291000000,11396000000,None,-422000000,422000000,519000000,None,None,None,1158000000,13416000000,2791000000,None,10625000000,None,13935000000,15093000000,10625000000,NVO
3/31/2020,USD,28489000000,33875000000,5386000000,5386000000,16302000000,927000000,3777000000,12187000000,None,-1281000000,1281000000,1298000000,None,None,None,1086000000,15021000000,3124000000,None,11897000000,None,16319000000,17405000000,11897000000,NVO
12/31/2019,USD,26985000000,32417000000,5432000000,5432000000,11873000000,1235000000,4384000000,15112000000,None,2700000000,794000000,2961000000,None,0,None,1398000000,11079000000,2362000000,None,8717000000,None,8118000000,9516000000,8717000000,NVO
9/30/2019,USD,25202000000,30277000000,5075000000,5075000000,12919000000,1009000000,3601000000,12283000000,None,-812000000,812000000,829000000,None,0,None,2095000000,12107000000,1913000000,None,10194000000,None,12936000000,15031000000,10194000000,NVO
6/30/2019,USD,25187000000,30036000000,4849000000,4849000000,13452000000,852000000,3557000000,11735000000,None,-1307000000,1307000000,1322000000,None,0,None,1110000000,12145000000,2550000000,None,9595000000,None,13467000000,14577000000,9595000000,NVO
3/31/2019,USD,24559000000,29291000000,4732000000,4732000000,14239000000,911000000,2678000000,10320000000,None,-1017000000,1017000000,1030000000,None,0,None,1058000000,13222000000,2777000000,None,10445000000,None,14252000000,15310000000,10445000000,NVO
12/31/2018,USD,25079000000,29732000000,4653000000,4653000000,10783000000,1269000000,4544000000,14296000000,None,None,None,1294000000,None,0,None,1642000000,10370000000,1873000000,None,726039.82,None,9076000000,10718000000,8497000000,NVO
9/30/2018,USD,23347000000,27762000000,4415000000,4415000000,11813000000,932000000,3644000000,11534000000,None,None,None,675000000,None,0,None,783000000,11138000000,2101000000,None,1403239080,None,11813000000,12596000000,9037000000,NVO
6/30/2018,USD,23055000000,27407000000,4352000000,4352000000,12204000000,851000000,3296000000,10851000000,None,None,None,745000000,None,0,None,768000000,12498000000,2155000000,None,1615563643,None,13243000000,14011000000,10343000000,NVO
3/31/2018,USD,22733000000,26930000000,4197000000,4197000000,12448000000,864000000,3321000000,10285000000,None,None,None,37000000,None,None,None,732000000,13609000000,2858000000,None,1775469423,None,13646000000,14378000000,10751000000,NVO
3/31/2023,USD,3347000000,5748000000,2401000000,None,3136000000,2210000000,None,2612000000,55000000,-132000000,289000000,132000000,-212000000,6000000,None,191000000,2851000000,492000000,132000000,2149000000,2383000000,3136000000,3174000000,2359000000,MA
12/31/2022,USD,3199000000,5817000000,2618000000,1381000000,3184000000,2434000000,None,2633000000,33000000,-127000000,106000000,127000000,-25908000000,11000000,None,184000000,3085000000,564000000,127000000,2513000000,2885000000,3184000000,3396000000,2521000000,MA
9/30/2022,USD,3320000000,5756000000,2436000000,1382000000,3112000000,2251000000,None,2644000000,16000000,-120000000,44000000,120000000,9167000000,4000000,None,185000000,3069000000,573000000,120000000,2499000000,2111000000,3112000000,3374000000,2496000000,MA
6/30/2022,USD,3151000000,5497000000,2346000000,1319000000,3018000000,2157000000,None,2479000000,7000000,-114000000,224000000,114000000,8704000000,4000000,None,189000000,2795000000,523000000,114000000,2275000000,1838000000,3018000000,3098000000,2272000000,MA
3/31/2022,USD,2950000000,5167000000,2217000000,1181000000,2950000000,2025000000,None,2217000000,5000000,-110000000,181000000,110000000,7949000000,4000000,None,192000000,2770000000,142000000,110000000,2555000000,2639000000,2950000000,3072000000,2628000000,MA
12/31/2021,USD,2827000000,5216000000,2389000000,1089000000,2827000000,2200000000,None,2389000000,2000000,-108000000,5000000,108000000,8483000000,-9000000,None,189000000,2824000000,444000000,108000000,2490000000,2362000000,2827000000,3121000000,2380000000,MA
9/30/2021,USD,2744000000,4985000000,2241000000,1166000000,2717000000,2053000000,None,2268000000,5000000,-110000000,92000000,110000000,7826000000,7000000,None,188000000,2805000000,402000000,110000000,2414000000,2265000000,2717000000,3103000000,2403000000,MA
6/30/2021,USD,2408000000,4528000000,2120000000,1130000000,2341000000,1934000000,None,2187000000,3000000,-106000000,140000000,106000000,7219000000,-3000000,None,186000000,2478000000,412000000,106000000,2066000000,2151000000,2341000000,2770000000,2066000000,MA
3/31/2021,USD,2197000000,4155000000,1958000000,1104000000,2197000000,1795000000,None,1958000000,1000000,-107000000,12000000,107000000,6522000000,5000000,None,163000000,2191000000,362000000,107000000,1922000000,1771000000,2197000000,2461000000,1829000000,MA
12/31/2020,USD,2103000000,4120000000,2017000000,970000000,2058000000,1867000000,None,2062000000,-3000000,-105000000,112000000,105000000,6646000000,-2000000,None,150000000,2205000000,383000000,105000000,2005000000,2022000000,2058000000,2460000000,1822000000,MA
9/30/2020,USD,2105000000,3837000000,1732000000,940000000,2105000000,1591000000,None,1732000000,3000000,-105000000,193000000,105000000,5935000000,3000000,None,141000000,1947000000,402000000,105000000,1513000000,1711000000,2105000000,2193000000,1545000000,MA
6/30/2020,USD,1729000000,3335000000,1606000000,915000000,1707000000,1461000000,None,1628000000,8000000,-101000000,18000000,101000000,5093000000,1000000,None,145000000,1693000000,270000000,101000000,1420000000,1456000000,1707000000,1939000000,1423000000,MA
3/31/2020,USD,2217000000,4009000000,1792000000,962000000,2211000000,1648000000,None,1798000000,16000000,-69000000,227000000,69000000,5988000000,3000000,None,144000000,1988000000,294000000,69000000,1519000000,1288000000,2211000000,2201000000,1694000000,MA
12/31/2019,USD,4414000000,4414000000,2015000000,936000000,2399000000,1869000000,None,2015000000,20000000,-64000000,75000000,64000000,6889000000,1000000,None,146000000,2475000000,375000000,64000000,2399000000,2100000000,2399000000,2685000000,2100000000,MA
9/30/2019,USD,2655000000,4467000000,1812000000,937000000,2655000000,1675000000,None,1812000000,26000000,-63000000,137000000,63000000,6557000000,16000000,None,137000000,2533000000,426000000,63000000,2108000000,1979000000,2655000000,2733000000,2107000000,MA
6/30/2019,USD,2397000000,4113000000,1716000000,853000000,2397000000,1594000000,None,1716000000,24000000,-51000000,116000000,51000000,6069000000,6000000,None,122000000,2524000000,471000000,51000000,2048000000,1996000000,2397000000,2697000000,2053000000,MA
3/31/2019,USD,2213000000,3889000000,1676000000,811000000,2213000000,1559000000,None,1676000000,27000000,-46000000,14000000,46000000,5632000000,4000000,None,117000000,2202000000,341000000,46000000,1862000000,1906000000,2213000000,2365000000,1861000000,MA
12/31/2018,USD,3807000000,3807000000,1816000000,843000000,1234000000,1703000000,None,2573000000,43000000,-47000000,None,47000000,5778000000,-15000000,None,113000000,1215000000,316000000,47000000,1234000000,899000000,1234000000,1375000000,899000000,MA
9/30/2018,USD,2316000000,3898000000,1582000000,822000000,2287000000,1471000000,None,1611000000,31000000,-48000000,None,48000000,5633000000,-6000000,None,111000000,2264000000,365000000,48000000,1899000000,1861000000,2287000000,2423000000,1899000000,MA
6/30/2018,USD,7463000000,3665000000,1504000000,797000000,1936000000,1389000000,None,1729000000,31000000,-48000000,None,48000000,5350000000,3000000,None,115000000,1922000000,353000000,48000000,1569000000,1310000000,1936000000,2085000000,1569000000,MA
3/31/2023,USD,20467000000,50793000000,30326000000,29407000000,13565000000,881000000,None,6936000000,None,-115000000,1473000000,115000000,48785000000,None,None,3500000,9488000000,2914000000,115000000,8193000000,6631000000,9603000000,9637500000,6574000000,CVX
12/31/2022,USD,18239000000,56473000000,38234000000,34674000000,10384000000,1454000000,None,7768000000,None,-237000000,1500000000,237000000,53502000000,None,None,4800000000,9783000000,3430000000,237000000,7967000000,6728000000,10020000000,14731000000,6353000000,CVX
9/30/2022,USD,27318000000,66644000000,39326000000,38090000000,19933000000,1028000000,None,7385000000,None,-128000000,2282000000,128000000,63508000000,None,None,4200000000,14802000000,3571000000,128000000,11229000000,11549000000,14930000000,19137000000,11231000000,CVX
6/30/2022,USD,27909000000,68762000000,40853000000,40003000000,20728000000,863000000,None,7181000000,None,-129000000,2338000000,129000000,65372000000,None,None,3700000000,15910000000,4288000000,129000000,11712000000,11783000000,16039000000,19832000000,11622000000,CVX
3/31/2022,USD,20693000000,54373000000,33680000000,33411000000,14088000000,967000000,None,6506000000,None,-136000000,1949000000,136000000,52165000000,None,None,3700000000,9036000000,2777000000,136000000,8362000000,6496000000,9172000000,12890000000,6259000000,CVX
12/31/2021,USD,17785000000,48129000000,30344000000,30218000000,11007000000,1271000000,None,6158000000,None,-218000000,1502000000,218000000,45408000000,None,None,4813000000,6958000000,1903000000,478000000,6739000000,5584000000,7176000000,11926000000,5055000000,CVX
9/30/2021,USD,20119000000,44710000000,24591000000,23834000000,14109000000,657000000,None,6010000000,None,-174000000,1473000000,174000000,42552000000,None,None,4304000000,8051000000,1940000000,174000000,6120000000,5988000000,8225000000,12529000000,6111000000,CVX
6/30/2021,USD,15707000000,37597000000,21890000000,20629000000,9712000000,1096000000,None,5995000000,None,-185000000,1257000000,185000000,36117000000,None,None,4522000000,4410000000,1328000000,185000000,3090000000,3373000000,4595000000,9117000000,3082000000,CVX
3/31/2021,USD,13134000000,32029000000,18895000000,17568000000,7177000000,990000000,None,5901000000,None,-198000000,713000000,198000000,31021000000,None,None,4286000000,2156000000,779000000,198000000,2309000000,2403000000,2354000000,6640000000,1377000000,CVX
12/31/2020,USD,5498000000,25246000000,19748000000,15047000000,-529000000,1129000000,None,5892000000,None,-237000000,369000000,237000000,24589000000,None,None,4486000000,-966000000,-301000000,237000000,-88000000,-1770000000,-729000000,3719000000,-665000000,CVX
9/30/2020,USD,9949000000,24451000000,14502000000,13448000000,4513000000,832000000,None,5436000000,None,-164000000,346000000,164000000,23997000000,None,None,4017000000,-42000000,165000000,164000000,-209000000,36000000,122000000,4139000000,-207000000,CVX
6/30/2020,USD,2667000000,13494000000,10827000000,8144000000,-4432000000,1569000000,None,7099000000,None,-172000000,2903000000,172000000,15926000000,None,None,6717000000,-10590000000,-2320000000,172000000,-8277000000,-8136000000,-10418000000,-3701000000,-8270000000,CVX
3/31/2020,USD,15211000000,31501000000,16290000000,15509000000,9237000000,683000000,None,5748000000,None,-162000000,1260000000,162000000,30334000000,None,None,4288000000,4163000000,564000000,162000000,3581000000,3705000000,4325000000,8613000000,3599000000,CVX
12/31/2019,USD,3377000000,36350000000,32973000000,19693000000,-3739000000,1129000000,None,5855000000,None,-197000000,258000000,197000000,35307000000,None,None,16429000000,-8348000000,-1738000000,197000000,-2698000000,-8331000000,-8151000000,8259000000,-6610000000,CVX
9/30/2019,USD,15159000000,36116000000,20957000000,19882000000,8880000000,954000000,None,6279000000,None,-197000000,1023000000,197000000,34779000000,None,None,4361000000,4049000000,1469000000,197000000,2580000000,2668000000,4246000000,8607000000,2580000000,CVX
6/30/2019,USD,16842000000,38850000000,22008000000,20835000000,10579000000,1076000000,None,6263000000,None,-198000000,987000000,198000000,36323000000,None,None,4334000000,5950000000,1645000000,198000000,4290000000,4407000000,6148000000,10482000000,4305000000,CVX
3/31/2019,USD,14412000000,35200000000,20788000000,19703000000,8542000000,984000000,None,5950000000,None,-225000000,592000000,225000000,33968000000,None,None,4094000000,3964000000,1315000000,225000000,2647000000,2734000000,4189000000,8283000000,2649000000,CVX
12/31/2018,USD,15093000000,42352000000,27259000000,23920000000,8368000000,1080000000,453000000,6666000000,None,-363000000,None,363000000,40714000000,None,None,5252000000,4905000000,1175000000,363000000,10050000000,4013000000,5268000000,10347000000,3730000000,CVX
9/30/2018,USD,18130000000,43987000000,25857000000,24681000000,12127000000,1018000000,None,6003000000,None,-182000000,None,182000000,42105000000,None,None,5380000000,5687000000,1640000000,182000000,4059000000,4150000000,5869000000,11252000000,4047000000,CVX
6/30/2018,USD,16373000000,42236000000,25863000000,24744000000,10143000000,1017000000,None,6230000000,None,-217000000,None,217000000,40491000000,None,None,4498000000,4892000000,1483000000,217000000,3425000000,3500000000,5109000000,9607000000,3409000000,CVX
3/31/2023,USD,8130000000,14487000000,6357000000,3926000000,1308000000,2479000000,4276000000,6822000000,112000000,-242000000,429000000,242000000,-61000000,-89000000,448000000,None,3646000000,825000000,242000000,2821000000,2706000000,3888000000,3873000000,2821000000,MRK
12/31/2022,USD,4345000000,13830000000,9485000000,3881000000,-5105000000,2687000000,3775000000,9450000000,95000000,-235000000,80000000,235000000,-1017000000,75000000,430000000,892000000,3512000000,495000000,235000000,3017000000,2992000000,3747000000,3536000000,3017000000,MRK
9/30/2022,USD,8471000000,14959000000,6488000000,3934000000,1458000000,2520000000,4399000000,7013000000,40000000,-244000000,350000000,244000000,-96000000,-429000000,499000000,959000000,3578000000,330000000,244000000,3248000000,2832000000,3822000000,4200000000,3248000000,MRK
6/30/2022,USD,7750000000,14593000000,6843000000,4216000000,2298000000,2512000000,2798000000,5452000000,15000000,-240000000,15000000,240000000,-86000000,-438000000,474000000,938000000,4482000000,538000000,240000000,3944000000,3986000000,4722000000,5209000000,3944000000,MRK
3/31/2022,USD,8266000000,15901000000,7635000000,5380000000,3314000000,2323000000,2576000000,4952000000,7000000,-243000000,7000000,243000000,-39000000,-708000000,421000000,1120000000,4864000000,554000000,243000000,4310000000,4370000000,5107000000,5675000000,4310000000,MRK
12/31/2021,USD,4794000000,13521000000,8727000000,3874000000,-3180000000,2830000000,3068000000,7974000000,9000000,-209000000,381000000,209000000,1305000000,334000000,430000000,835000000,3843000000,85000000,209000000,3820000000,3919000000,4052000000,4887000000,3758000000,MRK
9/30/2021,USD,7221000000,13154000000,5933000000,3450000000,2333000000,2336000000,2445000000,4888000000,7000000,-196000000,684000000,196000000,-46000000,450000000,399000000,759000000,5262000000,695000000,196000000,4567000000,4605000000,5458000000,6217000000,4567000000,MRK
6/30/2021,USD,6045000000,11402000000,5357000000,3104000000,-639000000,2281000000,4321000000,6684000000,9000000,-202000000,9000000,202000000,-114000000,103000000,371000000,690000000,2048000000,503000000,202000000,1213000000,3090000000,2250000000,2940000000,1545000000,MRK
3/31/2021,USD,5568000000,10627000000,6512000000,3199000000,172000000,2187000000,2412000000,5396000000,11000000,-200000000,11000000,200000000,-47000000,455000000,378000000,930000000,3417000000,238000000,200000000,2745000000,3191000000,3617000000,4585000000,3179000000,MRK
12/31/2020,USD,85000000,10948000000,12430000000,5029000000,-12729000000,2619000000,5788000000,12814000000,11000000,-207000000,11000000,207000000,-56000000,253000000,459000000,904000000,-2025000000,69000000,207000000,-2617000000,-2345000000,-1818000000,-885000000,-2094000000,MRK
9/30/2020,USD,6594000000,10929000000,5957000000,3013000000,640000000,2060000000,3349000000,5954000000,9000000,-203000000,156000000,203000000,-10000000,312000000,402000000,852000000,3321000000,380000000,203000000,2324000000,2951000000,3524000000,4479000000,2941000000,MRK
6/30/2020,USD,5332000000,9353000000,5540000000,2747000000,748000000,2085000000,2085000000,4584000000,14000000,-209000000,14000000,209000000,-24000000,387000000,397000000,1048000000,3398000000,396000000,209000000,2341000000,3000000000,3607000000,4768000000,3002000000,MRK
3/31/2020,USD,6208000000,12057000000,5849000000,3312000000,1372000000,2555000000,2209000000,4836000000,25000000,-212000000,25000000,212000000,-54000000,-71000000,411000000,821000000,3838000000,619000000,212000000,2471000000,3021000000,4050000000,4871000000,3219000000,MRK
12/31/2019,USD,3076000000,4149000000,8792000000,1573000000,-4731000000,1729000000,2400000000,7807000000,49000000,-219000000,49000000,219000000,-21000000,233000000,None,936000000,2662000000,306000000,219000000,-1724000000,1553000000,2881000000,3939000000,2356000000,MRK
9/30/2019,USD,5102000000,12397000000,7295000000,3990000000,-1535000000,2589000000,3204000000,6637000000,61000000,-231000000,61000000,231000000,-38000000,-35000000,None,845000000,2341000000,440000000,231000000,1907000000,1873000000,2572000000,3417000000,1901000000,MRK
6/30/2019,USD,5650000000,11760000000,6110000000,3401000000,612000000,2712000000,2189000000,5038000000,75000000,-233000000,75000000,233000000,-27000000,-140000000,None,973000000,3285000000,615000000,233000000,2644000000,2654000000,3518000000,4491000000,2670000000,MRK
3/31/2019,USD,5223000000,10816000000,5593000000,3052000000,610000000,2425000000,1931000000,4613000000,89000000,-209000000,246000000,209000000,-101000000,-188000000,None,898000000,3120000000,205000000,209000000,2862000000,3114000000,3329000000,4227000000,2915000000,MRK
12/31/2018,USD,1860000000,10998000000,9138000000,3289000000,-6331000000,2643000000,2214000000,8191000000,86000000,-203000000,None,203000000,-26000000,-110000000,None,1095000000,2653000000,826000000,203000000,1778000000,1433000000,2856000000,3951000000,1827000000,MRK
9/30/2018,USD,4680000000,10794000000,6114000000,3619000000,-2000000,2443000000,2068000000,4682000000,92000000,-190000000,None,190000000,-42000000,172000000,None,1061000000,2657000000,707000000,190000000,1958000000,1921000000,2847000000,3908000000,1950000000,MRK
6/30/2018,USD,4442000000,10465000000,6023000000,3417000000,-568000000,2508000000,2274000000,5010000000,81000000,-194000000,None,194000000,-71000000,48000000,None,1226000000,2077000000,370000000,194000000,1716000000,1645000000,2271000000,3497000000,1707000000,MRK
3/31/2023,USD,2542000000,12225000000,9683000000,3986000000,2768000000,3039000000,2442000000,8139000000,99000000,-553000000,None,553000000,-35000000,-1804000000,179000000,1948000000,473000000,234000000,553000000,241000000,206000000,1026000000,2974000000,239000000,ABBV
12/31/2022,USD,10951000000,15121000000,4170000000,4170000000,5502000000,3417000000,2033000000,7411000000,90000000,-566000000,90000000,566000000,58014000000,-2021000000,196000000,1961000000,2966000000,493000000,566000000,10951000000,3717000000,3532000000,5493000000,2473000000,ABBV
9/30/2022,USD,3716000000,14812000000,11096000000,5022000000,4603000000,3304000000,1654000000,7728000000,63000000,-560000000,63000000,560000000,-36000000,330000000,181000000,2000000000,4397000000,448000000,560000000,3952000000,3702000000,4957000000,6957000000,3949000000,ABBV
6/30/2022,USD,3201000000,14583000000,11382000000,4170000000,3295000000,5412000000,1878000000,9090000000,24000000,-556000000,24000000,556000000,-47000000,-1533000000,203000000,1800000000,1179000000,255000000,556000000,928000000,712000000,1735000000,3535000000,924000000,ABBV
3/31/2022,USD,4504000000,13538000000,9034000000,4052000000,4717000000,3127000000,1642000000,6624000000,9000000,-548000000,9000000,548000000,-25000000,776000000,198000000,1855000000,4926000000,436000000,548000000,4493000000,4405000000,5474000000,7329000000,4490000000,ABBV
12/31/2021,USD,10566000000,14886000000,4320000000,4320000000,5074000000,3260000000,2232000000,7280000000,9000000,-580000000,9000000,580000000,56181000000,-216000000,173000000,1788000000,4270000000,226000000,580000000,10566000000,4301000000,4850000000,6638000000,4044000000,ABBV
9/30/2021,USD,4969000000,14342000000,9373000000,4390000000,4306000000,3083000000,2063000000,7046000000,11000000,-596000000,11000000,596000000,-12000000,-21000000,223000000,1900000000,3687000000,508000000,596000000,3180000000,3126000000,4283000000,6183000000,3179000000,ABBV
6/30/2021,USD,4272000000,13959000000,9687000000,4523000000,4441000000,3164000000,1899000000,7063000000,9000000,-615000000,9000000,615000000,-14000000,-2658000000,201000000,2000000000,1160000000,394000000,615000000,769000000,958000000,1775000000,3775000000,766000000,ABBV
3/31/2021,USD,3946000000,13010000000,9064000000,4213000000,4103000000,2842000000,1852000000,6703000000,10000000,-632000000,10000000,632000000,-9000000,395000000,206000000,2009000000,3865000000,312000000,632000000,3555000000,3375000000,4497000000,6506000000,3553000000,ABBV
12/31/2020,USD,9174000000,13858000000,4684000000,4684000000,3753000000,3231000000,2190000000,7254000000,11000000,-629000000,11000000,629000000,45787000000,-4625000000,227000000,1833000000,-1509000000,-1545000000,629000000,9174000000,178000000,-880000000,953000000,36000000,ABBV
9/30/2020,USD,2906000000,12902000000,9996000000,5050000000,3255000000,2846000000,1751000000,6697000000,10000000,-630000000,10000000,630000000,-20000000,-115000000,175000000,2100000000,2495000000,187000000,630000000,2313000000,2484000000,3125000000,5225000000,2308000000,ABBV
6/30/2020,USD,1787000000,10425000000,8638000000,3711000000,752000000,3527000000,2435000000,7362000000,18000000,-632000000,18000000,632000000,-29000000,-802000000,149000000,1400000000,-692000000,46000000,632000000,-739000000,-476000000,-60000000,1340000000,-738000000,ABBV
3/31/2020,USD,4521000000,8619000000,4098000000,1942000000,3603000000,1695000000,1379000000,3535000000,135000000,-563000000,135000000,563000000,-5000000,-72000000,115000000,444000000,3098000000,88000000,563000000,3010000000,2909000000,3661000000,4105000000,3010000000,ABBV
12/31/2019,USD,6698000000,8704000000,2006000000,2006000000,3956000000,1951000000,1681000000,3704000000,104000000,-559000000,104000000,559000000,33255000000,-416000000,118000000,391000000,3074000000,273000000,559000000,6698000000,1733000000,3633000000,4024000000,2801000000,ABBV
9/30/2019,USD,6559000000,8479000000,1920000000,1920000000,2617000000,1657000000,2285000000,4353000000,60000000,-480000000,60000000,480000000,-19000000,-177000000,114000000,389000000,2001000000,117000000,480000000,1884000000,1847000000,2481000000,2870000000,1884000000,ABBV
6/30/2019,USD,6436000000,8255000000,1819000000,1819000000,3400000000,1654000000,1382000000,3443000000,49000000,-358000000,49000000,358000000,-6000000,-2278000000,114000000,388000000,807000000,66000000,358000000,741000000,766000000,1165000000,1553000000,741000000,ABBV
3/31/2019,USD,6134000000,7828000000,1694000000,1694000000,3010000000,1680000000,1444000000,3676000000,62000000,-387000000,331000000,387000000,-6000000,-135000000,118000000,385000000,2544000000,88000000,387000000,2456000000,2420000000,2931000000,3316000000,2456000000,ABBV
12/31/2018,USD,6283000000,8305000000,2022000000,2022000000,-2441000000,1929000000,6795000000,14128000000,61000000,-380000000,None,380000000,8299000000,393000000,122000000,320000000,-2373000000,-547000000,380000000,6283000000,-1747000000,-1993000000,-1673000000,-1826000000,ABBV
9/30/2018,USD,6401000000,8236000000,1835000000,1835000000,3159000000,1919000000,1323000000,3584000000,37000000,-339000000,None,339000000,8234000000,-94000000,115000000,320000000,2761000000,14000000,339000000,2747000000,2827000000,3100000000,3420000000,2747000000,ABBV
6/30/2018,USD,6344000000,8278000000,1934000000,1934000000,2762000000,1760000000,1322000000,3407000000,48000000,-320000000,None,320000000,8270000000,-470000000,119000000,324000000,2012000000,29000000,320000000,1983000000,1974000000,2332000000,2656000000,1983000000,ABBV
3/31/2023,EUR,3413200000,6746200000,3333000000,3333000000,2205000000,260300000,947900000,1208200000,None,12200000,None,12200000,None,None,None,170300000,2217200000,302600000,None,1914600000,None,2205000000,2375300000,1914600000,ASML
12/31/2022,EUR,3310900000,6430200000,3119300000,3119300000,2124200000,280400000,906300000,1186700000,None,-3100000,None,19300000,None,None,None,183200000,2121100000,357300000,None,1763800000,None,2124200000,2307400000,1763800000,ASML
9/30/2022,EUR,2993700000,5778300000,2784600000,2784600000,1938500000,207700000,819400000,1055200000,None,-15600000,None,15100000,None,None,None,137900000,1923400000,252000000,None,654600000,None,1938500000,2076400000,1671400000,ASML
6/30/2022,EUR,2664500000,5430500000,2766000000,2766000000,1653400000,222000000,789100000,1011100000,None,-10800000,None,10800000,None,None,None,131500000,1642600000,246200000,None,1396400000,None,1653400000,1784900000,1396400000,ASML
3/31/2022,EUR,1731000000,3534400000,1803400000,1803400000,784600000,207700000,738700000,946400000,None,-15600000,None,15600000,None,None,None,131000000,769000000,114400000,None,654600000,None,784600000,915600000,654600000,ASML
12/31/2021,EUR,2700600000,4985600000,2285000000,2285000000,2031200000,202500000,680600000,883100000,None,-12200000,None,12200000,None,None,None,124200000,2019000000,316000000,None,1703000000,None,2031200000,2155400000,1703000000,ASML
9/30/2021,EUR,2711400000,5241300000,2529900000,2529900000,1919300000,182900000,609200000,792100000,None,-10500000,None,10500000,None,None,None,116200000,1908800000,270900000,None,1637900000,None,1898300000,2014500000,1637900000,ASML
6/30/2021,EUR,2044600000,4020200000,1975600000,1975600000,1239000000,171800000,633800000,805600000,None,-9800000,None,9800000,None,None,None,112700000,1229200000,204200000,None,1025000000,None,1219400000,1332100000,1025000000,ASML
3/31/2021,EUR,2352400000,4363900000,2011500000,2011500000,1560600000,168400000,623400000,791800000,None,-12100000,None,12100000,None,None,None,117900000,1548500000,230300000,None,1318200000,None,1536400000,1654300000,1318200000,ASML
12/31/2020,EUR,2211100000,4254100000,2043000000,2043000000,1503700000,151500000,555900000,707400000,None,-8000000,None,8000000,None,None,None,125400000,1495700000,170200000,None,1325500000,None,1487700000,1613100000,1325500000,ASML
9/30/2020,EUR,1881400000,3958000000,2076600000,2076600000,1215900000,131500000,534000000,2076600000,None,-8400000,None,8400000,None,None,None,122000000,1228000000,166500000,None,1041000000,None,1236400000,1358400000,1061500000,ASML
6/30/2020,EUR,1603200000,3325700000,1722500000,1722500000,905100000,131200000,566900000,698100000,None,-7100000,None,7100000,None,None,None,125100000,898000000,166400000,None,731600000,None,890900000,1016000000,731600000,ASML
3/31/2020,EUR,1101400000,2440600000,1339200000,1339200000,426700000,130700000,544000000,674700000,None,-11400000,None,11400000,None,0,None,118300000,415300000,48500000,None,366800000,None,426700000,545000000,366800000,ASML
12/31/2019,EUR,1940100000,4036400000,2096300000,2096300000,1276500000,147600000,516100000,663700000,None,-4900000,4900000,4800000,None,0,None,122900000,1271700000,124500000,None,1147200000,None,1266900000,1389800000,1147200000,ASML
9/30/2019,EUR,1306400000,2986500000,1680100000,1680100000,685600000,128500000,492300000,620800000,None,-5400000,None,5400000,None,0,None,112400000,680200000,65000000,None,615200000,None,674800000,787200000,615200000,ASML
6/30/2019,EUR,1105200000,2567900000,1462700000,1462700000,494300000,123500000,487400000,610900000,None,-6900000,6900000,6900000,None,0,None,108400000,487400000,19100000,None,468300000,None,480500000,588900000,468300000,ASML
3/31/2019,EUR,928000000,2229100000,1301100000,1301100000,334300000,121000000,472700000,593700000,None,-7900000,None,7900000,None,0,None,104800000,326400000,-17000000,None,343400000,None,318500000,423300000,343400000,ASML
12/31/2018,EUR,1392900000,3142500000,1749600000,1749600000,815900000,134600000,442400000,577000000,None,None,None,7500000,None,0,None,110400000,808400000,40100000,None,1188502141,None,800900000,911300000,768300000,ASML
9/30/2018,EUR,1335900000,2776100000,1440200000,1440200000,817800000,121800000,396300000,518100000,None,None,None,8100000,None,0,None,110000000,809700000,129600000,None,787682333.9,None,801600000,911600000,680100000,ASML
6/30/2018,EUR,1186900000,2740400000,1553500000,1553500000,689400000,136638733.7,380100000,497500000,None,None,None,2200000,None,None,None,99700000,687200000,107500000,None,632216014.9,None,685000000,784700000,579700000,ASML
3/31/2018,EUR,1113500000,2285000000,1171500000,1171500000,642200000,580641000,357100000,471300000,None,None,None,10500000,None,None,None,102600000,631700000,74400000,None,580500000,None,621200000,723800000,557300000,ASML
3/31/2023,USD,8974000000,10879000000,1905000000,1905000000,2549000000,4193000000,2611000000,6666000000,None,-287000000,78000000,365000000,None,None,None,1339000000,2262000000,458000000,None,1804000000,None,2549000000,3888000000,1803000000,AZN
12/31/2022,USD,8307000000,11207000000,2900000000,2900000000,-342000000,4777000000,2625000000,7213000000,None,-315000000,45000000,360000000,None,None,None,1480000000,778000000,-124000000,None,902000000,None,-342000000,1138000000,901000000,AZN
9/30/2022,USD,8000000000,10982000000,2982000000,2982000000,1245000000,3285000000,2357000000,6591000000,None,-324000000,15000000,339000000,None,None,None,1514000000,922000000,-720000000,None,1642000000,None,1245000000,2759000000,1640000000,AZN
6/30/2022,USD,7773000000,10771000000,2998000000,2998000000,539000000,4810000000,2546000000,7234000000,None,-293000000,18000000,311000000,None,None,None,1376000000,247000000,-113000000,None,360000000,None,539000000,1915000000,360000000,AZN
3/31/2022,USD,7879000000,11390000000,3511000000,3511000000,878000000,4965000000,2133000000,7001000000,None,-319000000,17000000,336000000,None,None,None,1320000000,553000000,165000000,None,388000000,None,878000000,2198000000,386000000,AZN
12/31/2021,USD,7386000000,12011000000,4625000000,4625000000,-2052000000,5241000000,4145000000,9438000000,None,-335000000,1000000,312000000,None,None,None,3919000000,-636000000,-290000000,None,-346000000,None,-2052000000,1867000000,-346000000,AZN
9/30/2021,USD,6109000000,9866000000,3757000000,3757000000,-1329000000,2986000000,2152000000,7438000000,None,-320000000,15000000,335000000,None,None,None,2450000000,-2001000000,-350000000,None,-1651000000,None,-1329000000,1121000000,-1651000000,AZN
6/30/2021,USD,6029000000,8220000000,2191000000,2191000000,1127000000,3201000000,1829000000,4902000000,None,-319000000,7000000,326000000,None,None,None,716000000,764000000,214000000,None,550000000,None,1127000000,1843000000,550000000,AZN
3/31/2021,USD,5456000000,7320000000,1864000000,1864000000,1895000000,3028000000,1713000000,3561000000,None,-283000000,20000000,303000000,None,None,None,812000000,1608000000,46000000,None,1562000000,None,1895000000,2707000000,1561000000,AZN
12/31/2020,USD,5885000000,7410000000,1525000000,1525000000,1487000000,3319000000,2048000000,6227000000,None,-314000000,7000000,287000000,None,None,None,771000000,1167000000,162000000,None,1005000000,None,1487000000,2258000000,1012000000,AZN
9/30/2020,USD,5208000000,6578000000,1370000000,1370000000,1171000000,2270000000,1453000000,3886000000,None,-317000000,7000000,324000000,None,None,None,804000000,853000000,202000000,None,651000000,None,1171000000,1975000000,648000000,AZN
6/30/2020,USD,5291000000,6275000000,984000000,984000000,1284000000,2279000000,1389000000,4007000000,None,-307000000,323000000,329000000,None,None,None,734000000,961000000,223000000,None,738000000,None,1284000000,2018000000,756000000,AZN
3/31/2020,USD,4934000000,6354000000,1420000000,1420000000,1220000000,2264000000,1388000000,3714000000,None,-281000000,285000000,332000000,None,None,None,918000000,935000000,185000000,None,750000000,None,1220000000,2138000000,780000000,AZN
12/31/2019,USD,5286000000,6664000000,1378000000,1378000000,577000000,2711000000,2173000000,4862000000,None,-289000000,337000000,321000000,None,None,None,1663000000,240000000,-37000000,None,277000000,None,577000000,2240000000,313000000,AZN
9/30/2019,USD,5055000000,6406000000,1351000000,1351000000,757000000,2294000000,1328000000,4243000000,None,-316000000,348000000,353000000,None,None,None,740000000,409000000,129000000,None,280000000,None,757000000,1497000000,299000000,AZN
6/30/2019,USD,4760000000,5823000000,1063000000,1063000000,493000000,2273000000,1356000000,4267000000,None,-320000000,352000000,361000000,None,None,None,759000000,141000000,34000000,None,107000000,None,493000000,1252000000,130000000,AZN
3/31/2019,USD,4362000000,5491000000,1129000000,1129000000,1097000000,2144000000,1266000000,3265000000,None,-312000000,339000000,367000000,None,None,None,734000000,758000000,195000000,None,563000000,None,1097000000,1831000000,593000000,AZN
12/31/2018,USD,4780000000,6417000000,1637000000,1637000000,1077000000,3244000000,2012000000,5580000000,None,None,None,284000000,None,None,None,1624000000,730000000,-279000000,None,1009000000,None,1077000000,2701000000,1034000000,AZN
9/30/2018,USD,4187000000,5340000000,1153000000,1153000000,851000000,2470000000,1279000000,3336000000,None,None,None,364000000,None,None,None,713000000,477000000,71000000,None,406000000,None,851000000,1564000000,431000000,AZN
6/30/2018,USD,4143000000,5155000000,1012000000,1012000000,763000000,2587000000,1362000000,3380000000,None,None,None,375000000,None,None,None,739000000,412000000,93000000,None,319000000,None,763000000,1502000000,350000000,AZN
3/31/2018,USD,4044000000,5178000000,1134000000,1134000000,696000000,3754000000,1279000000,3348000000,None,None,None,343000000,None,None,None,754000000,374000000,58000000,None,316000000,None,696000000,1450000000,340000000,AZN
3/31/2023,USD,9277000000,13208000000,3931000000,3931000000,2856000000,3443000000,2794000000,6421000000,None,-115000000,96000000,211000000,None,None,None,2091000000,2740000000,446000000,None,2294000000,None,2856000000,4947000000,2293000000,NVS
12/31/2022,USD,9014000000,13087000000,4073000000,4073000000,1949000000,3747000000,2442000000,7065000000,None,-21000000,222000000,219000000,None,None,None,1959000000,1741000000,275000000,None,1466000000,None,1949000000,3908000000,1466000000,NVS
9/30/2022,USD,9036000000,12842000000,3806000000,3806000000,2168000000,3404000000,2736000000,6868000000,None,-245000000,219000000,215000000,None,None,None,1992000000,1919000000,344000000,None,1575000000,None,2168000000,4160000000,1573000000,NVS
6/30/2022,USD,9334000000,13085000000,3751000000,3751000000,2228000000,3581000000,2498000000,7106000000,None,-186000000,202000000,202000000,None,None,None,1818000000,2042000000,347000000,None,1695000000,None,2228000000,4046000000,1694000000,NVS
3/31/2022,USD,8958000000,12814000000,3856000000,3856000000,2852000000,3512000000,2320000000,6106000000,None,-181000000,203000000,201000000,None,None,None,1423000000,2669000000,450000000,None,2219000000,None,2852000000,4275000000,2222000000,NVS
12/31/2021,USD,9546000000,13522000000,3976000000,3976000000,17159000000,3984000000,2409000000,6984000000,None,-232000000,14415000000,206000000,None,None,None,1519000000,16951000000,645000000,None,16306000000,None,17159000000,18678000000,16306000000,NVS
9/30/2021,USD,9429000000,13367000000,3938000000,3938000000,3233000000,3601000000,2380000000,6196000000,None,-226000000,21000000,202000000,None,None,None,1453000000,3230000000,472000000,None,2758000000,None,3432000000,4885000000,2758000000,NVS
6/30/2021,USD,9380000000,13294000000,3914000000,3914000000,3479000000,3710000000,2400000000,5901000000,None,-212000000,38000000,201000000,None,None,None,1444000000,3506000000,611000000,None,2895000000,None,3708000000,5152000000,2896000000,NVS
3/31/2021,USD,8655000000,12694000000,4039000000,4039000000,2415000000,3529000000,2351000000,6240000000,None,-221000000,54000000,202000000,None,None,None,1697000000,2450000000,391000000,None,2059000000,None,2652000000,4349000000,2059000000,NVS
12/31/2020,USD,8813000000,13030000000,4217000000,4217000000,2644000000,3924000000,2333000000,6169000000,None,-226000000,60000000,201000000,None,None,None,1617000000,2559000000,460000000,None,2099000000,None,2755000000,4372000000,2094000000,NVS
9/30/2020,USD,8785000000,12538000000,3753000000,3753000000,2412000000,3419000000,2146000000,6373000000,None,-228000000,17000000,209000000,None,None,None,1734000000,2410000000,478000000,None,1932000000,None,2622000000,4356000000,1935000000,NVS
6/30/2020,USD,8193000000,11622000000,3429000000,3429000000,2352000000,3368000000,2441000000,5841000000,None,-247000000,37000000,220000000,None,None,None,1703000000,2288000000,421000000,None,1867000000,None,2508000000,4211000000,1867000000,NVS
3/31/2020,USD,8986000000,12708000000,3722000000,3722000000,2744000000,3486000000,2060000000,6242000000,None,-246000000,116000000,239000000,None,None,None,1410000000,2621000000,448000000,None,2173000000,None,2863000000,4273000000,2176000000,NVS
12/31/2019,USD,8724000000,12716000000,3992000000,3992000000,1823000000,3905000000,2853000000,6901000000,None,-54000000,53000000,203000000,None,None,None,1937000000,1759000000,630000000,None,1129000000,None,1958000000,3895000000,1125000000,NVS
9/30/2019,USD,8706000000,12482000000,3776000000,3776000000,2358000000,3549000000,2199000000,6348000000,None,-204000000,37000000,216000000,None,None,None,1402000000,2407000000,366000000,None,2041000000,None,2624000000,4026000000,2042000000,NVS
6/30/2019,USD,8618000000,12024000000,3406000000,3406000000,2663000000,3585000000,2051000000,5955000000,None,-205000000,29000000,205000000,None,None,None,1046000000,2634000000,525000000,None,2109000000,None,7529000000,8575000000,6799000000,NVS
3/31/2019,USD,8204000000,11455000000,3251000000,3251000000,2242000000,3330000000,2299000000,5962000000,None,-182000000,None,226000000,None,None,None,1441000000,2140000000,272000000,None,1868000000,None,2264000000,3705000000,1766000000,NVS
12/31/2018,USD,8738000000,13664000000,4926000000,4926000000,1299000000,4404000000,2399000000,7439000000,None,None,None,254000000,None,None,None,1959000000,1264000000,70000000,None,1194000000,None,1519000000,3478000000,1195000000,NVS
9/30/2018,USD,7923000000,11386000000,3463000000,3463000000,2239000000,3261000000,2147000000,5684000000,None,None,None,229000000,None,None,None,1365000000,2251000000,369000000,None,1624000000,None,2221000000,3586000000,1623000000,NVS
6/30/2018,USD,8975000000,13452000000,4477000000,4477000000,2484000000,4193000000,2276000000,6491000000,None,None,None,244000000,None,None,None,None,8219000000,451000000,None,7768000000,None,8219000000,8463000000,7768000000,NVS
3/31/2018,USD,8574000000,12929000000,4355000000,4355000000,2447000000,3923000000,2120000000,6127000000,None,None,None,224000000,None,None,None,None,2409000000,381000000,None,2028000000,None,2409000000,2630000000,2025000000,NVS
2/12/2023,USD,1903000000,55266000000,53363000000,48423000000,1903000000,4940000000,None,4940000000,None,-34000000,None,34000000,55266000000,None,None,None,1983000000,517000000,34000000,1466000000,1719000000,2017000000,None,1466000000,COST
11/20/2022,USD,1658000000,54437000000,52779000000,47769000000,1751000000,4917000000,None,5010000000,None,-34000000,19000000,34000000,54437000000,53000000,None,447000000,1770000000,406000000,34000000,1364000000,1268000000,1804000000,1804000000,1364000000,COST
8/28/2022,USD,8533000000,72091000000,63558000000,63558000000,2497000000,6036000000,None,6036000000,None,19000000,67000000,48000000,None,None,None,594000000,2506000000,638000000,None,1878000000,1647000000,2554000000,2564000000,1868000000,COST
5/8/2022,USD,None,52596000000,None,46355000000,1791000000,4450000000,None,None,None,None,None,35000000,None,None,None,None,1808000000,455000000,None,None,997000000,1843000000,None,1353000000,COST
2/13/2022,USD,None,51904000000,None,45517000000,1812000000,4575000000,None,None,None,None,None,36000000,None,None,None,None,1780000000,481000000,None,None,1264000000,1816000000,None,1299000000,COST
11/21/2021,USD,1575000000,50363000000,48788000000,43952000000,1693000000,4718000000,None,4836000000,None,-39000000,5000000,39000000,50363000000,None,None,432000000,1675000000,351000000,39000000,1345000000,1250000000,1714000000,2146000000,1324000000,COST
8/29/2021,USD,-84000000,62675000000,84000000,54733000000,2275000000,5667000000,None,84000000,None,-52000000,3000000,52000000,62675000000,None,None,559000000,2267000000,597000000,52000000,-168000000,1442000000,2319000000,2878000000,1670000000,COST
5/9/2021,USD,1663000000,45277000000,43614000000,39415000000,1663000000,4199000000,None,4199000000,None,-40000000,None,40000000,45277000000,None,None,None,1637000000,417000000,40000000,1233000000,1272000000,1677000000,None,1220000000,COST
2/14/2021,USD,1340000000,44769000000,43429000000,39078000000,1340000000,4351000000,None,4351000000,None,-40000000,None,40000000,44769000000,None,None,None,1299000000,348000000,40000000,971000000,1091000000,1339000000,None,951000000,COST
11/22/2020,USD,1430000000,43208000000,41778000000,37458000000,1430000000,4320000000,None,4320000000,None,-39000000,None,39000000,43208000000,None,None,404000000,1405000000,239000000,39000000,1181000000,1362000000,1444000000,1848000000,1166000000,COST
8/30/2020,USD,1878000000,53383000000,51454000000,46401000000,1929000000,5027000000,None,5053000000,None,-51000000,None,51000000,53383000000,None,None,505000000,1854000000,465000000,51000000,1404000000,1770000000,1905000000,2410000000,1389000000,COST
5/10/2020,USD,1142000000,37266000000,36087000000,32249000000,1179000000,3830000000,None,3838000000,None,-37000000,None,37000000,37266000000,None,None,None,1149000000,311000000,37000000,852000000,440000000,1186000000,None,838000000,COST
2/16/2020,USD,1262000000,39072000000,37810000000,34056000000,1266000000,3743000000,None,3754000000,None,-34000000,None,34000000,39072000000,None,None,4000000,1261000000,330000000,34000000,947000000,972000000,1295000000,1299000000,931000000,COST
11/24/2019,USD,1057000000,37040000000,35983000000,32233000000,1061000000,3732000000,None,3750000000,None,-38000000,None,38000000,37040000000,None,None,4000000,1046000000,202000000,38000000,856000000,959000000,1084000000,1088000000,844000000,COST
9/1/2019,USD,5138000000,47498000000,42360000000,41310000000,1463000000,4684000000,None,4725000000,None,-45000000,None,45000000,47498000000,None,None,473000000,1479000000,382000000,45000000,1110000000,982000000,1524000000,1997000000,1097000000,COST
5/12/2019,USD,3731000000,34740000000,31009000000,30233000000,1122000000,3371000000,None,3385000000,None,-35000000,None,35000000,34740000000,None,None,None,1113000000,207000000,35000000,916000000,865000000,1148000000,None,906000000,COST
2/17/2019,USD,3908000000,35396000000,31488000000,30720000000,1203000000,3464000000,None,3473000000,None,-34000000,None,34000000,35396000000,None,None,None,1203000000,314000000,34000000,901000000,940000000,1237000000,None,889000000,COST
11/25/2018,USD,3688000000,35069000000,31381000000,30623000000,949000000,3475000000,None,3497000000,None,-36000000,None,36000000,35069000000,None,None,331000000,925000000,158000000,36000000,777000000,635000000,961000000,1292000000,767000000,COST
9/2/2018,USD,1398000000,44411000000,42965000000,38671000000,1446000000,4263000000,None,4294000000,None,-48000000,None,48000000,44411000000,None,None,431000000,1439000000,396000000,48000000,1053000000,882000000,1487000000,1918000000,1043000000,COST
5/13/2018,USD,1030000000,32361000000,31294000000,28131000000,1067000000,3155000000,None,3163000000,None,-37000000,None,37000000,32361000000,None,None,None,1059000000,309000000,37000000,762000000,609000000,1096000000,None,750000000,COST
3/31/2023,USD,10020000000,26258000000,16238000000,12656000000,5420000000,4491000000,None,4600000000,None,14448000000,28655000000,14207000000,11810000000,None,None,20000000,9089000000,928000000,14207000000,8161000000,10790000000,23296000000,23316000000,8161000000,BAC
12/31/2022,USD,10383000000,24532000000,14149000000,None,2811000000,7453000000,None,7572000000,None,14681000000,25075000000,10394000000,9851000000,None,None,19000000,7897000000,765000000,10394000000,7132000000,7003000000,18291000000,18310000000,7132000000,BAC
9/30/2022,USD,8354000000,24502000000,16148000000,11835000000,3474000000,4353000000,None,4880000000,None,13765000000,19621000000,5856000000,10737000000,None,None,20000000,8301000000,1219000000,5856000000,7082000000,2729000000,14157000000,14177000000,7082000000,BAC
6/30/2022,USD,6974000000,22688000000,15714000000,11833000000,2192000000,4264000000,None,4782000000,None,12444000000,14975000000,2531000000,10244000000,None,None,20000000,6892000000,645000000,2531000000,6247000000,2990000000,9423000000,9443000000,6247000000,BAC
3/31/2022,USD,7801000000,23228000000,15427000000,9482000000,3528000000,4147000000,None,4273000000,None,11572000000,12894000000,1322000000,11656000000,None,None,20000000,7879000000,812000000,1322000000,7067000000,-1246000000,9201000000,9221000000,7067000000,BAC
12/31/2021,USD,7736000000,22060000000,14324000000,None,519000000,7188000000,None,7217000000,None,11410000000,12554000000,1144000000,10650000000,None,None,20000000,7818000000,805000000,1144000000,7013000000,5505000000,8962000000,8982000000,7013000000,BAC
9/30/2021,USD,8801000000,22766000000,13965000000,None,4755000000,3961000000,None,4046000000,None,11094000000,12336000000,1242000000,11672000000,None,None,19000000,8950000000,1259000000,1242000000,7691000000,7158000000,10192000000,10211000000,7691000000,BAC
6/30/2021,USD,7901000000,21466000000,13565000000,None,3383000000,4443000000,None,4518000000,None,10233000000,11387000000,1154000000,11233000000,None,None,20000000,8042000000,-1182000000,1154000000,9224000000,9633000000,9196000000,9216000000,9224000000,BAC
3/31/2021,USD,9117000000,22821000000,13704000000,None,5037000000,4029000000,None,4080000000,None,10197000000,11395000000,1198000000,12624000000,None,None,17000000,9166000000,1116000000,1198000000,8050000000,6234000000,10364000000,10381000000,8050000000,BAC
12/31/2020,USD,6087000000,20099000000,14012000000,None,-357000000,6305000000,None,6444000000,None,10253000000,11461000000,1208000000,9846000000,None,None,33000000,6119000000,649000000,1208000000,5470000000,4792000000,7327000000,7360000000,5470000000,BAC
9/30/2020,USD,4755000000,20336000000,15581000000,None,200000000,3889000000,None,4555000000,None,10129000000,11486000000,1357000000,10207000000,None,None,30000000,4546000000,-335000000,1357000000,4881000000,5065000000,5903000000,5933000000,4881000000,BAC
6/30/2020,USD,4141000000,22326000000,18185000000,None,128000000,3940000000,None,4013000000,None,10848000000,12540000000,1692000000,11478000000,None,None,16000000,3799000000,266000000,1692000000,3533000000,2491000000,5491000000,5507000000,3533000000,BAC
3/31/2020,USD,4767000000,22767000000,18000000000,None,1003000000,3724000000,None,3764000000,None,12130000000,16098000000,3968000000,10637000000,None,None,16000000,4531000000,521000000,3968000000,4010000000,10523000000,8499000000,8515000000,4010000000,BAC
12/31/2019,USD,8169000000,22349000000,14180000000,None,2091000000,5908000000,None,6078000000,None,12140000000,16926000000,4786000000,10209000000,None,None,28000000,8169000000,1175000000,4786000000,6994000000,5978000000,12955000000,12983000000,6994000000,BAC
9/30/2019,USD,6859000000,22807000000,15948000000,None,2826000000,3652000000,None,4033000000,None,12187000000,17916000000,5729000000,10620000000,None,None,29000000,6859000000,1082000000,5729000000,5777000000,7637000000,12588000000,12617000000,5777000000,BAC
6/30/2019,USD,8959000000,23084000000,14125000000,None,5082000000,3734000000,None,3877000000,None,12189000000,18224000000,6035000000,10895000000,None,None,29000000,8959000000,1611000000,6035000000,7348000000,9913000000,14994000000,15023000000,7348000000,BAC
3/31/2019,USD,8767000000,23004000000,14237000000,None,5097000000,3571000000,None,3670000000,None,12375000000,18170000000,5795000000,10629000000,None,None,26000000,8767000000,1456000000,5795000000,7311000000,9480000000,14562000000,14588000000,7311000000,BAC
12/31/2018,USD,8698000000,22677000000,14038000000,6437000000,27723000000,-19336000000,None,-19025000000,None,12504000000,17836000000,5332000000,10173000000,None,None,134000000,8698000000,1420000000,6261000000,7278000000,9903000000,14030000000,14164000000,7278000000,BAC
9/30/2018,USD,8994000000,22724000000,13783000000,5811000000,-1790000000,10560000000,None,10784000000,None,12061000000,16965000000,4904000000,10663000000,None,None,134000000,8994000000,1827000000,5095000000,7167000000,5664000000,13898000000,14032000000,7167000000,BAC
6/30/2018,USD,8498000000,22549000000,14111000000,5546000000,-2446000000,10723000000,None,10944000000,None,11828000000,16369000000,4541000000,10721000000,None,None,135000000,8498000000,1714000000,4719000000,6784000000,5729000000,13039000000,13174000000,6784000000,BAC
12/31/2022,USD,14642000000,24290000000,9648000000,9648000000,6432000000,4645000000,3615000000,9389000000,None,-176000000,57000000,313000000,None,846000000,None,1130000000,5224000000,230000000,None,5000000000,4916000000,5537000000,7562000000,4994000000,PFE
9/30/2022,USD,16575000000,22638000000,6063000000,6063000000,10427000000,3391000000,2696000000,6909000000,None,-241000000,403000000,311000000,None,59000000,None,822000000,8964000000,356000000,None,8645000000,7503000000,9275000000,11249000000,8608000000,PFE
6/30/2022,USD,19094000000,27742000000,8648000000,8648000000,12485000000,3048000000,2815000000,6685000000,None,-263000000,30000000,293000000,None,-772000000,None,822000000,11476000000,1570000000,None,9877000000,8943000000,11769000000,13307000000,9906000000,PFE
3/31/2022,USD,15677000000,25661000000,9984000000,9984000000,10686000000,2593000000,2301000000,5729000000,None,-308000000,14000000,322000000,None,-350000000,None,835000000,9036000000,1172000000,None,7879000000,7604000000,9358000000,11521000000,7864000000,PFE
12/31/2021,USD,6731000000,24730000000,16829000000,9736000000,-7259000000,4104000000,5915000000,13990000000,15000000,-316000000,395000000,316000000,23835000000,835000000,None,1277000000,3642000000,249000000,316000000,3851000000,3145000000,3958000000,5320000000,3393000000,PFE
9/30/2021,USD,11443000000,23788000000,12345000000,9932000000,4418000000,2899000000,3443000000,7025000000,10000000,-325000000,10000000,325000000,24113000000,1696000000,None,1360000000,7818000000,-328000000,325000000,8155000000,7256000000,8143000000,9500000000,8146000000,PFE
6/30/2021,USD,8878000000,18559000000,9681000000,6996000000,3532000000,2923000000,2458000000,5346000000,13000000,-316000000,637000000,316000000,18875000000,1343000000,None,1328000000,6686000000,1123000000,316000000,5539000000,5469000000,7002000000,8250000000,5563000000,PFE
3/31/2021,USD,7518000000,14208000000,6690000000,4157000000,2694000000,2777000000,2013000000,4824000000,None,-336000000,127000000,336000000,14544000000,1004000000,None,1226000000,5685000000,808000000,336000000,4868000000,5523000000,6021000000,7244000000,4877000000,PFE
12/31/2020,USD,678000000,6852000000,5046000000,2711000000,-6368000000,3739000000,3189000000,7046000000,3000000,-271000000,76000000,347000000,5955000000,-99000000,None,1046000000,782000000,-64000000,271000000,651000000,1646000000,1129000000,1420000000,846000000,PFE
9/30/2020,USD,5211000000,11713000000,6502000000,2007000000,-1104000000,2658000000,2360000000,6315000000,17000000,-416000000,-71000000,345000000,12129000000,-1878000000,None,1262000000,1122000000,-347000000,416000000,909000000,2766000000,1467000000,3846000000,1469000000,PFE
6/30/2020,USD,5874000000,11428000000,5554000000,1826000000,343000000,2659000000,2132000000,5531000000,19000000,-372000000,-5000000,367000000,11800000000,955000000,None,1251000000,3911000000,422000000,372000000,2596000000,3314000000,4278000000,5568000000,3489000000,PFE
3/31/2020,USD,6407000000,11657000000,5250000000,1940000000,1733000000,2541000000,1724000000,4674000000,34000000,-390000000,34000000,390000000,12047000000,-190000000,None,1218000000,3714000000,359000000,390000000,2474000000,1914000000,4104000000,5484000000,3355000000,PFE
12/31/2019,USD,2168000000,12298000000,10130000000,443000000,-8475000000,2616000000,2823000000,10643000000,41000000,-416000000,-1000000,415000000,12700000000,-2960000000,None,1384000000,-2566000000,-1983000000,416000000,-5898000000,-176000000,-2151000000,282000000,-583000000,PFE
9/30/2019,USD,6113000000,12284000000,6171000000,2602000000,210000000,3260000000,2283000000,5903000000,60000000,-409000000,60000000,409000000,12683000000,-319000000,None,1553000000,10727000000,3047000000,409000000,7676000000,7415000000,11136000000,12689000000,7680000000,PFE
6/30/2019,USD,6961000000,12892000000,5931000000,2576000000,1723000000,3511000000,1842000000,5238000000,59000000,-389000000,59000000,389000000,13270000000,-126000000,None,1528000000,4131000000,-915000000,389000000,5046000000,4434000000,4520000000,6048000000,5046000000,PFE
3/31/2019,USD,6696000000,12624000000,5928000000,2433000000,1455000000,3339000000,1703000000,5241000000,66000000,-361000000,304000000,361000000,12985000000,-92000000,None,1545000000,4317000000,433000000,499000000,3884000000,4236000000,4678000000,6223000000,3884000000,PFE
12/31/2018,USD,2762000000,13734000000,10972000000,814000000,-7824000000,2164000000,2457000000,10586000000,93000000,-370000000,None,370000000,14104000000,-3220000000,None,1641000000,-1929000000,-1536000000,373000000,-7712000000,-1252000000,-1559000000,1054000000,-393000000,PFE
9/30/2018,USD,6721000000,12926000000,6205000000,2694000000,1104000000,3494000000,2008000000,5617000000,82000000,-310000000,None,310000000,13236000000,414000000,None,1614000000,4180000000,66000000,310000000,4103000000,3700000000,4490000000,6104000000,4114000000,PFE
6/30/2018,USD,6701000000,13159000000,6458000000,2916000000,1381000000,3542000000,1797000000,5320000000,80000000,-326000000,None,326000000,13485000000,551000000,None,1562000000,4520000000,648000000,326000000,3872000000,3270000000,4846000000,6408000000,3872000000,PFE
3/31/2018,USD,6673000000,12609000000,5936000000,2563000000,1501000000,3412000000,1743000000,5172000000,77000000,-310000000,None,310000000,12919000000,178000000,None,1567000000,4117000000,556000000,313000000,3562000000,3480000000,4427000000,5994000000,3561000000,PFE
3/31/2023,USD,4255700000,5897800000,1642100000,598300000,2532400000,553300000,None,1043800000,None,-329700000,329700000,329700000,None,64300000,None,490500000,2267000000,464700000,329700000,2132000000,1799500000,2596700000,3087200000,1802300000,MCD
12/31/2022,USD,6504700000,5926500000,-578200000,2517600000,2582700000,720300000,None,635100000,None,-322900000,322900000,322900000,1085300000,79100000,None,463100000,2338900000,435500000,322900000,2339500000,1976500000,2661800000,3124900000,1903400000,MCD
9/30/2022,USD,4241100000,5872100000,1631000000,589000000,2763900000,576400000,None,1042000000,None,-306200000,306200000,306200000,19000000,78500000,None,465600000,2536200000,554600000,306200000,2287800000,1668300000,2842400000,3308000000,1981600000,MCD
6/30/2022,USD,4056400000,5718400000,1662000000,588600000,1711800000,611200000,None,2273400000,None,-290600000,4600000,290600000,-1200000000,-12100000,None,462200000,1409100000,221100000,290600000,1478600000,1583500000,1699700000,2161900000,1188000000,MCD
3/31/2022,USD,4017600000,5665600000,1648000000,584000000,2312600000,584300000,None,1064000000,None,-287300000,2600000,287300000,-100000000,-484100000,None,479700000,1541200000,436800000,287300000,1391700000,1036200000,1828500000,2308200000,1104400000,MCD
12/31/2021,USD,6515300000,6009100000,-506200000,2748100000,2397100000,755400000,None,1139200000,None,-295600000,295600000,295600000,-241200000,6300000,None,481600000,2107800000,469000000,295600000,2111100000,1728300000,2403400000,2885000000,1638800000,MCD
9/30/2021,USD,4579900000,6201300000,1621400000,592600000,2986500000,559600000,None,1028800000,None,-293700000,293700000,293700000,106000000,-1400000,None,469200000,2691400000,541500000,293700000,2443600000,2057900000,2985100000,3454300000,2149900000,MCD
6/30/2021,USD,4273000000,5887900000,1614900000,579100000,2691100000,572400000,None,1035800000,None,-296500000,296500000,296500000,98000000,-18600000,None,463400000,2376000000,156700000,296500000,2515800000,2284000000,2672500000,3135900000,2219300000,MCD
3/31/2021,USD,3608800000,5124600000,1515800000,571500000,2281300000,490400000,None,944300000,None,-300000000,300000000,300000000,128600000,-28600000,None,453900000,1952700000,415500000,300000000,1837200000,1488100000,2252700000,2706600000,1537200000,MCD
12/31/2020,USD,5824399973,5313800000,-510599973,2533600000,2142900000,698000000,None,1107800026,None,-308900000,308900000,308900000,-110800000,-4000000,None,464300000,1830000000,452800000,308900000,1803500000,1549200000,2138900000,2603200000,1377200000,MCD
9/30/2020,USD,3955400000,5418100000,1462700000,567900000,2526400000,454700000,None,894800000,None,-310100000,307300000,310100000,None,800000,None,440100000,2217100000,454500000,310100000,2072700000,1810100000,2527200000,2967300000,1762600000,MCD
6/30/2020,USD,2223400000,3761500000,1538100000,524500000,961100000,576000000,None,1013600000,None,-319100000,313500000,319100000,None,6700000,None,425700000,648700000,164900000,319100000,802900000,673900000,967800000,1393500000,483800000,MCD
3/31/2020,USD,3222600000,4714400000,1491800000,554200000,1693600000,516300000,None,937600000,None,-280000000,5400000,280000000,None,31300000,None,421300000,1444900000,338000000,280000000,1386900000,593200000,1724900000,2146200000,1106900000,MCD
12/31/2019,USD,5349000000,5349000000,-669500000,2502900000,2292600000,653600000,None,839600000,None,-283000000,7400000,283000000,None,17200000,None,413600000,2026800000,454600000,283000000,2292600000,1752600000,2309800000,2723400000,1572200000,MCD
9/30/2019,USD,3914100000,5502300000,1516500000,559500000,2409300000,543600000,None,957000000,None,-280600000,8900000,280600000,None,23500000,None,413400000,2152200000,544300000,280600000,1888500000,1441400000,2432800000,2846200000,1607900000,MCD
6/30/2019,USD,3865200000,5409800000,1476100000,544700000,2273900000,533100000,None,931400000,None,-284200000,10700000,284200000,None,18100000,None,398300000,2007800000,490900000,284200000,1801100000,1540400000,2292000000,2690300000,1516900000,MCD
3/31/2019,USD,3530800000,5024100000,1424800000,533100000,2094000000,499100000,None,891700000,None,-274100000,10000000,274100000,None,11400000,None,392600000,1831300000,502900000,274100000,1602500000,1417800000,2105400000,2498000000,1328400000,MCD
12/31/2018,USD,5163000000,5163000000,1497400000,509700000,1999500000,609800000,None,936000000,None,-254100000,None,254100000,51700000,6000000,None,379000000,1751400000,336100000,254100000,1999500000,1314100000,2005500000,2384500000,1415300000,MCD
9/30/2018,USD,3979700000,5369400000,1389700000,499400000,2417700000,515200000,None,822300000,None,-250100000,None,250100000,68000000,-8900000,None,375100000,2158700000,521400000,250100000,1887400000,1564000000,2408800000,2783900000,1637300000,MCD
6/30/2018,USD,3962900000,5353900000,1391000000,483900000,2262300000,542100000,None,907100000,None,-240200000,None,240200000,None,-4000000,None,365000000,2018100000,521800000,240200000,1736500000,1207800000,2258300000,2623300000,1496300000,MCD
12/31/2022,CNY,97751000000,2.48E+11,1.50E+11,1.50E+11,54723000000,10327000000,13521000000,60006000000,None,13966000000,15516000000,1550000000,None,None,None,5530000000,50459000000,3820000000,None,45746000000,None,54723000000,60253000000,46913000000,BABA
9/30/2022,CNY,75966000000,2.07E+11,1.31E+11,1.31E+11,25137000000,10591000000,15150000000,50829000000,None,-43840000000,1388000000,43840000000,None,None,None,5673000000,-15759000000,2572000000,None,-22467000000,None,25137000000,30810000000,-18331000000,BABA
6/30/2022,CNY,75898000000,2.06E+11,1.30E+11,1.30E+11,24943000000,8433000000,14193000000,50955000000,None,4125000000,5369000000,1244000000,None,None,None,8229000000,29177000000,5399000000,None,20298000000,None,24943000000,33172000000,22659000000,BABA
3/31/2022,CNY,65107000000,2.04E+11,1.39E+11,1.39E+11,16717000000,34615000000,10944000000,48390000000,None,-37897000000,1189000000,1189000000,None,None,None,2831000000,-19560000000,2079000000,None,-18357000000,None,23860000000,26691000000,-16116000000,BABA
12/31/2021,CNY,95922000000,2.43E+11,1.47E+11,1.47E+11,7068000000,45171000000,15705000000,63713000000,None,17175000000,18361000000,1186000000,None,None,None,2837000000,29326000000,9553000000,None,19224000000,None,31285000000,34122000000,20546000000,BABA
9/30/2021,CNY,70940000000,2.01E+11,1.30E+11,1.30E+11,15006000000,37731000000,15297000000,55934000000,None,-12723000000,1267000000,1272300000,None,None,None,2906000000,3946000000,6087000000,None,3377000000,None,24298000000,27204000000,5488000000,BABA
6/30/2021,CNY,81643000000,2.06E+11,1.24E+11,1.24E+11,30847000000,34204000000,13302000000,69604000000,None,12834000000,12834000000,1160000000,None,None,None,3415000000,45838000000,7049000000,None,42835000000,None,2843000000,6258000000,45141000000,BABA
3/31/2021,CNY,61941000000,1.87E+11,1.25E+11,1.25E+11,-7663000000,27734000000,13519000000,50796000000,None,-1049000000,1049000000,1267000000,None,None,None,3073000000,-6597000000,9096000000,None,-7654000000,None,55431000000,58504000000,-5479000000,BABA
12/31/2020,CNY,99816000000,2.21E+11,1.21E+11,1.21E+11,49002000000,8692000000,13607000000,50814000000,None,38944000000,40036000000,1092000000,None,None,None,3172000000,90772000000,9194000000,None,77977000000,None,91864000000,95036000000,79535000000,BABA
9/30/2020,CNY,65099000000,1.55E+11,89960000000,89960000000,13634000000,11961000000,19245000000,51465000000,None,9409000000,10510000000,1101000000,None,None,None,2888000000,24191000000,1911000000,None,26524000000,None,25292000000,28180000000,28876000000,BABA
6/30/2020,CNY,69228000000,1.54E+11,84523000000,84523000000,34705000000,6837000000,11082000000,34523000000,None,21014000000,22137000000,1123000000,None,None,None,2952000000,57212000000,11124000000,None,46437000000,None,58335000000,61287000000,47533000000,BABA
3/31/2020,CNY,41812000000,1.14E+11,72502000000,72502000000,7131000000,7871000000,10587000000,34681000000,None,-8880000000,7715000000,8880000000,None,None,None,4044000000,-569000000,2628000000,None,348000000,None,8311000000,12355000000,3220000000,BABA
12/31/2019,CNY,77124000000,1.61E+11,84332000000,84332000000,39560000000,7415000000,11077000000,37564000000,None,15827000000,17136000000,1309000000,None,0,None,3272000000,56374000000,8407000000,None,50132000000,None,57683000000,60955000000,52174000000,BABA
9/30/2019,CNY,53471000000,1.19E+11,65546000000,65546000000,20364000000,6591000000,10938000000,32531000000,None,61988000000,63348000000,1360000000,None,0,None,3006000000,85523000000,2815000000,None,70748000000,None,87459000000,90465000000,72591000000,BABA
6/30/2019,CNY,54937000000,1.15E+11,59987000000,59987000000,24375000000,6320000000,10478000000,30562000000,None,-1159000000,187000000,1346000000,None,0,None,5354000000,25317000000,6712000000,None,19122000000,None,24375000000,29729000000,21448000000,BABA
3/31/2019,CNY,37888000000,93498000000,55610000000,55610000000,8765000000,7612000000,8659000000,29123000000,None,17362000000,17362000000,1303000000,None,0,None,3203000000,27576000000,5025000000,None,23379000000,None,28879000000,32082000000,25913000000,BABA
12/31/2018,CNY,56465000000,1.17E+11,60813000000,60813000000,26798000000,5853000000,8901000000,29667000000,None,None,None,1334000000,None,0,None,2809000000,37411000000,5586000000,None,654439607.6,None,38745000000,41554000000,33120000000,BABA
9/30/2018,CNY,38362000000,85148000000,46786000000,46786000000,13501000000,4779000000,8365000000,24861000000,None,None,None,1340000000,None,0,None,2611000000,17264000000,277000000,None,2655592599,None,18604000000,21215000000,20133000000,BABA
6/30/2018,CNY,37200000000,80920000000,43720000000,43720000000,8020000000,6645000000,11510000000,29180000000,None,None,None,1213000000,None,0,None,2104000000,13970000000,5665000000,None,1147270546,None,15183000000,17287000000,8720000000,BABA
3/31/2018,CNY,29428000000,61932000000,32504000000,32504000000,9221000000,4551000000,6686000000,20207000000,None,None,None,1175000000,None,None,None,1329000000,10875000000,4164000000,None,1057399889,None,12050000000,13379000000,7669000000,BABA
12/31/2017,CNY,47950000000,83028000000,35078000000,35078000000,25996000000,4572000000,6289000000,21460000000,None,None,None,844000000,None,None,None,2057000000,48447000000,6663000000,None,33986000000,None,49785000000,51842000000,24073000000,BABA
3/31/2023,USD,7605000000,10410000000,2805000000,30000000,1563000000,2119000000,346000000,3121000000,146000000,-300000000,154000000,300000000,10710000000,-46000000,253000000,606000000,1335000000,46000000,300000000,1292000000,1334000000,1563000000,2241000000,1289000000,TMO
9/30/2022,USD,-26000000,10677000000,6246000000,6375000000,1710000000,2208000000,351000000,2688000000,None,-105000000,105000000,173000000,-26000000,-4000000,244000000,935000000,5000000,31000000,26000000,-26000000,1291000000,1710000000,2645000000,-26000000,TMO
3/31/2022,USD,-26000000,11656000000,2886000000,6354000000,2821000000,2277000000,364000000,3250000000,18000000,-136000000,18000000,136000000,-26000000,-163000000,250000000,609000000,275000000,301000000,26000000,-26000000,2201000000,2821000000,1020000000,-26000000,TMO
12/31/2021,USD,7093000000,9996000000,2903000000,5448000000,2538000000,2278000000,392000000,3295000000,11000000,-161000000,11000000,161000000,10157000000,-526000000,217000000,466000000,1861000000,203000000,731000000,1659000000,1984000000,2538000000,2488000000,1658000000,TMO
9/30/2021,USD,7198000000,9202000000,2004000000,4679000000,2278000000,2004000000,351000000,2355000000,9000000,-128000000,119000000,128000000,9330000000,18000000,205000000,423000000,2173000000,271000000,128000000,1903000000,1878000000,2278000000,2724000000,1902000000,TMO
6/30/2021,USD,7252000000,9151000000,1899000000,4749000000,2163000000,1899000000,343000000,2242000000,11000000,-122000000,11000000,122000000,9273000000,-3000000,211000000,449000000,2047000000,219000000,122000000,1829000000,1760000000,2163000000,2618000000,1828000000,TMO
3/31/2021,USD,-197000000,9584000000,2249000000,4697000000,3049000000,1826000000,320000000,2569000000,12000000,-125000000,12000000,125000000,-197000000,-183000000,198000000,423000000,219000000,416000000,197000000,-197000000,2582000000,3049000000,767000000,-197000000,TMO
12/31/2020,USD,7932000000,10428000000,2496000000,4994000000,3071000000,2077000000,376000000,2896000000,12000000,-146000000,12000000,146000000,10574000000,-40000000,191000000,411000000,2892000000,394000000,146000000,2498000000,2661000000,3071000000,3449000000,2498000000,TMO
9/30/2020,USD,6785000000,8377000000,1592000000,4190000000,2426000000,1592000000,296000000,1888000000,9000000,-144000000,135000000,144000000,8521000000,-39000000,161000000,414000000,2252000000,319000000,144000000,1933000000,1952000000,2426000000,2810000000,1933000000,TMO
6/30/2020,USD,5070000000,6780000000,1710000000,3540000000,1391000000,1710000000,264000000,1974000000,8000000,-137000000,8000000,137000000,6917000000,-9000000,157000000,417000000,1253000000,97000000,137000000,1156000000,1255000000,1391000000,1807000000,1156000000,TMO
3/31/2020,USD,4098000000,6104000000,2006000000,3490000000,906000000,1551000000,245000000,2261000000,36000000,-126000000,36000000,126000000,6230000000,12000000,149000000,425000000,828000000,40000000,126000000,788000000,379000000,906000000,1379000000,788000000,TMO
12/31/2019,USD,3035000000,6829000000,1963000000,3794000000,1232000000,1512000000,262000000,2245000000,45000000,-142000000,45000000,142000000,6829000000,-95000000,148000000,428000000,3071000000,36000000,284000000,1002000000,1045000000,1232000000,3641000000,3035000000,TMO
9/30/2019,USD,2763000000,6108000000,1539000000,3509000000,946000000,1539000000,247000000,1786000000,52000000,-164000000,52000000,164000000,6272000000,-12000000,141000000,434000000,822000000,62000000,164000000,760000000,668000000,946000000,1420000000,760000000,TMO
6/30/2019,USD,2823000000,6135000000,1565000000,3493000000,1496000000,1565000000,246000000,1811000000,60000000,-181000000,60000000,181000000,6316000000,18000000,142000000,429000000,1393000000,274000000,181000000,1119000000,998000000,1496000000,2003000000,1119000000,TMO
3/31/2019,USD,2707000000,5936000000,1961000000,3418000000,920000000,1528000000,248000000,2209000000,67000000,-189000000,67000000,189000000,6125000000,19000000,133000000,422000000,817000000,2000000,189000000,815000000,804000000,920000000,1428000000,815000000,TMO
12/31/2018,USD,2924000000,6507000000,3265000000,3583000000,1148000000,1510000000,251000000,3534000000,45000000,-172000000,None,172000000,6507000000,-9000000,133000000,424000000,3038000000,114000000,172000000,898000000,919000000,1148000000,3634000000,2924000000,TMO
9/30/2018,USD,2615000000,5758000000,1463000000,3305000000,912000000,1490000000,240000000,1703000000,41000000,-162000000,None,162000000,5920000000,19000000,132000000,431000000,810000000,101000000,162000000,709000000,681000000,912000000,1403000000,709000000,TMO
6/30/2018,USD,2738000000,5908000000,1559000000,3340000000,937000000,1542000000,242000000,1801000000,31000000,-170000000,None,170000000,6078000000,8000000,130000000,441000000,806000000,54000000,170000000,752000000,303000000,937000000,1417000000,752000000,TMO
3/31/2018,USD,2580000000,5853000000,3273000000,3273000000,786000000,1515000000,234000000,1788000000,20000000,-163000000,None,163000000,5853000000,-9000000,131000000,444000000,634000000,55000000,163000000,579000000,628000000,786000000,1241000000,579000000,TMO
12/31/2017,USD,2671000000,6047000000,3376000000,3376000000,957000000,1479000000,233000000,3336000000,20300000,-166300000,-300000,166000000,6047000000,9000000,133000000,None,2960000000,290000000,166300000,530000000,708000000,957000000,None,2670000000,TMO
3/31/2023,USD,17164000000,86959000000,69795000000,69795000000,15474000000,3051000000,253000000,3708000000,None,-494000000,671000000,1165000000,None,None,None,5697000000,14354000000,5582000000,None,8772000000,None,15474000000,21171000000,8709000000,SHEL
12/31/2022,USD,22135000000,1.01E+11,79168000000,79168000000,17462000000,3491000000,403000000,4543000000,None,-406000000,634000000,1040000000,None,None,None,5731000000,16443000000,5975000000,None,10469000000,None,17462000000,23193000000,10409000000,SHEL
9/30/2022,USD,13031000000,95749000000,82718000000,82718000000,12076000000,3229000000,220000000,3873000000,None,-319000000,415000000,734000000,None,None,None,5665000000,11435000000,4587000000,None,6848000000,None,12076000000,17741000000,6743000000,SHEL
6/30/2022,USD,27390000000,1.00E+11,72669000000,72669000000,26521000000,2924000000,264000000,3558000000,None,-400000000,295000000,695000000,None,None,None,5608000000,26160000000,7922000000,None,18238000000,None,26521000000,32129000000,18040000000,SHEL
3/31/2022,USD,16223000000,84204000000,67981000000,67981000000,12351000000,3239000000,189000000,3697000000,None,-1657000000,111000000,1768000000,None,None,None,6295000000,10776000000,3457000000,None,7319000000,None,12351000000,18646000000,7116000000,SHEL
12/31/2021,USD,15740000000,85280000000,69540000000,69540000000,17088000000,2867000000,304000000,3451000000,None,-791000000,172000000,963000000,None,None,None,6444000000,16269000000,4664000000,None,11604000000,None,17088000000,23532000000,11605000000,SHEL
9/30/2021,USD,4104000000,60044000000,55940000000,55940000000,1922000000,2892000000,145000000,3563000000,None,-627000000,232000000,859000000,None,None,None,6358000000,1193000000,1510000000,None,-317000000,None,1922000000,8280000000,-317000000,SHEL
6/30/2021,USD,7413000000,60515000000,53102000000,53102000000,4892000000,3107000000,201000000,3640000000,None,-742000000,151000000,893000000,None,None,None,8223000000,4130000000,571000000,None,3559000000,None,4892000000,13115000000,3428000000,SHEL
3/31/2021,USD,8592000000,55665000000,47073000000,47073000000,9005000000,2462000000,166000000,2913000000,None,-597000000,295000000,892000000,None,None,None,5896000000,8237000000,2453000000,None,5784000000,None,9005000000,14901000000,5660000000,SHEL
12/31/2020,USD,-797000000,43989000000,44786000000,44786000000,-3306000000,2751000000,199000000,3458000000,None,-497000000,411000000,876000000,None,None,None,9573000000,-4125000000,-168000000,None,-3956000000,None,-3306000000,6267000000,-3957000000,SHEL
9/30/2020,USD,3560000000,44021000000,40461000000,40461000000,1377000000,2366000000,233000000,2821000000,None,-758000000,234000000,992000000,None,None,None,7689000000,442000000,-104000000,None,546000000,None,1377000000,9066000000,489000000,SHEL
6/30/2020,USD,-19500000000,32504000000,52004000000,52004000000,-22867000000,2370000000,232000000,3325000000,None,-922000000,148000000,1070000000,None,None,None,28089000000,-23907000000,-5806000000,None,-18101000000,None,-22867000000,5222000000,-18101000000,SHEL
3/31/2020,USD,3741000000,60029000000,56288000000,56288000000,1740000000,2393000000,243000000,2930000000,None,-1042000000,76000000,1118000000,None,None,None,7093000000,623000000,646000000,None,-23000000,None,1740000000,8833000000,-23000000,SHEL
12/31/2019,USD,6951000000,84006000000,77055000000,77055000000,3785000000,2831000000,306000000,4102000000,None,-778000000,340000000,1118000000,None,None,None,9238000000,2791000000,1702000000,None,1089000000,None,3785000000,13023000000,965000000,SHEL
9/30/2019,USD,9875000000,86592000000,76717000000,76717000000,9388000000,2429000000,219000000,3292000000,None,1019000000,2180000000,1161000000,None,None,None,6815000000,8372000000,2348000000,None,6024000000,None,9388000000,16203000000,5879000000,SHEL
6/30/2019,USD,8420000000,90544000000,82124000000,82124000000,6005000000,2881000000,225000000,3545000000,None,-590000000,662000000,1252000000,None,None,None,6699000000,4917000000,1755000000,None,3162000000,None,6005000000,12704000000,2998000000,SHEL
3/31/2019,USD,11508000000,83735000000,72227000000,72227000000,10408000000,2352000000,212000000,2870000000,None,-716000000,443000000,1159000000,None,None,None,5950000000,9406000000,3248000000,None,6157000000,None,10408000000,16358000000,6001000000,SHEL
12/31/2018,USD,10501000000,1.02E+11,91727000000,91727000000,8822000000,3162000000,314000000,4021000000,None,None,None,971000000,None,None,None,6244000000,7907000000,2261000000,None,5646000000,None,8822000000,15066000000,5590000000,SHEL
9/30/2018,USD,12627000000,1.00E+11,87524000000,87524000000,10444000000,2829000000,227000000,3378000000,None,None,None,909000000,None,None,None,5198000000,9737000000,3696000000,None,6041000000,None,10444000000,15642000000,5839000000,SHEL
6/30/2018,USD,11297000000,96765000000,85468000000,85468000000,10375000000,2781000000,237000000,3261000000,None,None,None,929000000,None,None,None,5359000000,9610000000,3422000000,None,6188000000,None,10375000000,15734000000,6024000000,SHEL
3/31/2018,USD,10450000000,89235000000,78785000000,78785000000,9171000000,2588000000,208000000,3026000000,None,None,None,936000000,None,None,None,5334000000,8367000000,2336000000,None,6031000000,None,9171000000,14505000000,5899000000,SHEL
1/31/2023,USD,6284000000,8096000000,7931000000,2100000000,357000000,3971000000,1128000000,5927000000,None,None,314000000,2294000000,8447000000,-10000000,None,1032000000,33000000,131000000,None,-98000000,109000000,357000000,1389000000,-98000000,CRM
10/31/2022,USD,5749000000,7786000000,7038000000,2088000000,460000000,4009000000,1280000000,5289000000,None,None,16000000,38000000,7752000000,-8000000,None,941000000,475000000,265000000,None,210000000,84000000,460000000,1401000000,210000000,CRM
7/31/2022,USD,5593000000,7839000000,7105000000,2127000000,193000000,4071000000,1329000000,5400000000,None,None,11000000,33000000,7783000000,-57000000,None,907000000,181000000,113000000,None,68000000,23000000,193000000,1100000000,68000000,CRM
4/30/2022,USD,5366000000,7492000000,6979000000,2045000000,20000000,4028000000,1318000000,5346000000,None,None,56000000,42000000,7457000000,-56000000,None,906000000,-29000000,-57000000,None,28000000,-116000000,20000000,926000000,28000000,CRM
1/31/2022,USD,5312000000,7272000000,7142000000,2014000000,-176000000,4197000000,1291000000,5488000000,None,-76000000,34000000,76000000,7326000000,-55000000,None,931000000,-197000000,-169000000,76000000,-28000000,-72000000,-176000000,810000000,-28000000,CRM
10/31/2021,USD,5019000000,7403000000,6585000000,1844000000,38000000,3778000000,1203000000,4981000000,None,-72000000,302000000,72000000,7361000000,-102000000,None,963000000,299000000,-169000000,72000000,468000000,430000000,38000000,1334000000,468000000,CRM
7/31/2021,USD,4727000000,7085000000,5707000000,1613000000,332000000,3375000000,1020000000,4395000000,None,-40000000,506000000,40000000,6978000000,-32000000,None,719000000,826000000,291000000,40000000,535000000,519000000,332000000,1585000000,535000000,CRM
4/30/2021,USD,4408000000,6369000000,5343000000,1555000000,354000000,3103000000,951000000,4054000000,None,-33000000,269000000,33000000,6392000000,-38000000,None,685000000,604000000,135000000,33000000,469000000,443000000,354000000,1322000000,469000000,CRM
1/31/2021,USD,4338000000,6122000000,5770000000,1479000000,193000000,3206000000,939000000,4145000000,None,-50000000,260000000,50000000,6172000000,-28000000,None,869000000,425000000,158000000,50000000,236000000,309000000,193000000,1344000000,267000000,CRM
10/31/2020,USD,4025000000,5412000000,4963000000,1394000000,224000000,2899000000,902000000,3801000000,19000000,-25000000,1030000000,25000000,5437000000,-10000000,None,670000000,1250000000,169000000,25000000,1081000000,1065000000,224000000,1945000000,1081000000,CRM
7/31/2020,USD,3840000000,5294000000,4724000000,1311000000,178000000,2764000000,898000000,3662000000,19000000,-25000000,676000000,25000000,5319000000,-21000000,None,649000000,839000000,-1786000000,25000000,2625000000,2692000000,178000000,1513000000,2625000000,CRM
4/30/2020,USD,3611000000,5199000000,4804000000,1254000000,-140000000,2892000000,859000000,3751000000,28000000,-25000000,195000000,25000000,5224000000,-5000000,None,658000000,47000000,-52000000,25000000,99000000,57000000,-140000000,730000000,99000000,CRM
1/31/2020,USD,3631000000,4851000000,4689000000,1220000000,-36000000,2836000000,831000000,3667000000,29000000,-30000000,30000000,30000000,4851000000,1000000,None,633000000,-4000000,244000000,30000000,-36000000,-267000000,-36000000,659000000,-248000000,CRM
10/31/2019,USD,3379000000,4625000000,4282000000,1134000000,65000000,2540000000,774000000,3314000000,32000000,-31000000,7000000,31000000,4665000000,-7000000,None,608000000,64000000,173000000,31000000,-109000000,-106000000,65000000,703000000,-109000000,CRM
7/31/2019,USD,3030000000,4029000000,3623000000,967000000,58000000,2199000000,607000000,2972000000,31000000,-34000000,31000000,34000000,3997000000,-3000000,None,457000000,164000000,73000000,34000000,91000000,79000000,58000000,655000000,91000000,CRM
4/30/2019,USD,2823000000,3964000000,3410000000,914000000,210000000,2059000000,554000000,2613000000,26000000,-35000000,272000000,35000000,3737000000,-9000000,None,437000000,482000000,90000000,35000000,392000000,385000000,210000000,954000000,392000000,CRM
1/31/2019,USD,2657000000,3603000000,3221000000,946000000,137000000,2002000000,518000000,2520000000,16000000,-41000000,None,41000000,3603000000,-23000000,None,275000000,239000000,-123000000,41000000,137000000,378000000,280000000,555000000,362000000,CRM
10/31/2018,USD,2503000000,3356000000,3075000000,889000000,92000000,1930000000,481000000,2411000000,13000000,-40000000,None,40000000,3392000000,-27000000,None,257000000,128000000,23000000,40000000,105000000,81000000,168000000,425000000,105000000,CRM
7/31/2018,USD,2432000000,3384000000,2955000000,849000000,115000000,1854000000,463000000,2317000000,12000000,-39000000,None,39000000,3281000000,-27000000,None,253000000,231000000,-68000000,39000000,299000000,282000000,270000000,523000000,299000000,CRM
4/30/2018,USD,2239000000,6180000000,2572000000,767000000,191000000,1624000000,424000000,2048000000,16000000,-34000000,None,34000000,3006000000,-17000000,None,197000000,385000000,41000000,34000000,344000000,330000000,419000000,616000000,344000000,CRM
1/31/2023,USD,6284000000,8096000000,7931000000,2100000000,357000000,3971000000,1128000000,5927000000,None,None,314000000,2294000000,8447000000,-10000000,None,1032000000,33000000,131000000,None,-98000000,109000000,357000000,1389000000,-98000000,CRM
10/31/2022,USD,5749000000,7786000000,7038000000,2088000000,460000000,4009000000,1280000000,5289000000,None,None,16000000,38000000,7752000000,-8000000,None,941000000,475000000,265000000,None,210000000,84000000,460000000,1401000000,210000000,CRM
7/31/2022,USD,5593000000,7839000000,7105000000,2127000000,193000000,4071000000,1329000000,5400000000,None,None,11000000,33000000,7783000000,-57000000,None,907000000,181000000,113000000,None,68000000,23000000,193000000,1100000000,68000000,CRM
4/30/2022,USD,5366000000,7492000000,6979000000,2045000000,20000000,4028000000,1318000000,5346000000,None,None,56000000,42000000,7457000000,-56000000,None,906000000,-29000000,-57000000,None,28000000,-116000000,20000000,926000000,28000000,CRM
1/31/2022,USD,5312000000,7272000000,7142000000,2014000000,-176000000,4197000000,1291000000,5488000000,None,-76000000,34000000,76000000,7326000000,-55000000,None,931000000,-197000000,-169000000,76000000,-28000000,-72000000,-176000000,810000000,-28000000,CRM
10/31/2021,USD,5019000000,7403000000,6585000000,1844000000,38000000,3778000000,1203000000,4981000000,None,-72000000,302000000,72000000,7361000000,-102000000,None,963000000,299000000,-169000000,72000000,468000000,430000000,38000000,1334000000,468000000,CRM
7/31/2021,USD,4727000000,7085000000,5707000000,1613000000,332000000,3375000000,1020000000,4395000000,None,-40000000,506000000,40000000,6978000000,-32000000,None,719000000,826000000,291000000,40000000,535000000,519000000,332000000,1585000000,535000000,CRM
4/30/2021,USD,4408000000,6369000000,5343000000,1555000000,354000000,3103000000,951000000,4054000000,None,-33000000,269000000,33000000,6392000000,-38000000,None,685000000,604000000,135000000,33000000,469000000,443000000,354000000,1322000000,469000000,CRM
1/31/2021,USD,4338000000,6122000000,5770000000,1479000000,193000000,3206000000,939000000,4145000000,None,-50000000,260000000,50000000,6172000000,-28000000,None,869000000,425000000,158000000,50000000,236000000,309000000,193000000,1344000000,267000000,CRM
10/31/2020,USD,4025000000,5412000000,4963000000,1394000000,224000000,2899000000,902000000,3801000000,19000000,-25000000,1030000000,25000000,5437000000,-10000000,None,670000000,1250000000,169000000,25000000,1081000000,1065000000,224000000,1945000000,1081000000,CRM
7/31/2020,USD,3840000000,5294000000,4724000000,1311000000,178000000,2764000000,898000000,3662000000,19000000,-25000000,676000000,25000000,5319000000,-21000000,None,649000000,839000000,-1786000000,25000000,2625000000,2692000000,178000000,1513000000,2625000000,CRM
4/30/2020,USD,3611000000,5199000000,4804000000,1254000000,-140000000,2892000000,859000000,3751000000,28000000,-25000000,195000000,25000000,5224000000,-5000000,None,658000000,47000000,-52000000,25000000,99000000,57000000,-140000000,730000000,99000000,CRM
1/31/2020,USD,3631000000,4851000000,4689000000,1220000000,-36000000,2836000000,831000000,3667000000,29000000,-30000000,30000000,30000000,4851000000,1000000,None,633000000,-4000000,244000000,30000000,-36000000,-267000000,-36000000,659000000,-248000000,CRM
10/31/2019,USD,3379000000,4625000000,4282000000,1134000000,65000000,2540000000,774000000,3314000000,32000000,-31000000,7000000,31000000,4665000000,-7000000,None,608000000,64000000,173000000,31000000,-109000000,-106000000,65000000,703000000,-109000000,CRM
7/31/2019,USD,3030000000,4029000000,3623000000,967000000,58000000,2199000000,607000000,2972000000,31000000,-34000000,31000000,34000000,3997000000,-3000000,None,457000000,164000000,73000000,34000000,91000000,79000000,58000000,655000000,91000000,CRM
4/30/2019,USD,2823000000,3964000000,3410000000,914000000,210000000,2059000000,554000000,2613000000,26000000,-35000000,272000000,35000000,3737000000,-9000000,None,437000000,482000000,90000000,35000000,392000000,385000000,210000000,954000000,392000000,CRM
1/31/2019,USD,2657000000,3603000000,3221000000,946000000,137000000,2002000000,518000000,2520000000,16000000,-41000000,None,41000000,3603000000,-23000000,None,275000000,239000000,-123000000,41000000,137000000,378000000,280000000,555000000,362000000,CRM
10/31/2018,USD,2503000000,3356000000,3075000000,889000000,92000000,1930000000,481000000,2411000000,13000000,-40000000,None,40000000,3392000000,-27000000,None,257000000,128000000,23000000,40000000,105000000,81000000,168000000,425000000,105000000,CRM
7/31/2018,USD,2432000000,3384000000,2955000000,849000000,115000000,1854000000,463000000,2317000000,12000000,-39000000,None,39000000,3281000000,-27000000,None,253000000,231000000,-68000000,39000000,299000000,282000000,270000000,523000000,299000000,CRM
4/30/2018,USD,2239000000,6180000000,2572000000,767000000,191000000,1624000000,424000000,2048000000,16000000,-34000000,None,34000000,3006000000,-17000000,None,197000000,385000000,41000000,34000000,344000000,330000000,419000000,616000000,344000000,CRM
2/28/2023,USD,5371000000,12390000000,10978000000,7019000000,1412000000,3959000000,None,3959000000,83000000,7000000,7000000,65000000,12390000000,58000000,174000000,144000000,1477000000,237000000,None,1240000000,983000000,1412000000,1412000000,1240000000,NKE
11/30/2022,USD,5711000000,13315000000,11728000000,7604000000,1587000000,4124000000,None,4124000000,49000000,-16000000,16000000,16000000,13315000000,79000000,173000000,319000000,1650000000,319000000,None,1331000000,1254000000,1587000000,1587000000,1331000000,NKE
8/31/2022,USD,5615000000,12671000000,10992000000,7072000000,1695000000,3920000000,None,3920000000,65000000,-13000000,13000000,13000000,12671000000,146000000,169000000,160000000,1828000000,360000000,None,1468000000,1786000000,1695000000,1695000000,1468000000,NKE
5/31/2022,USD,5503000000,12263000000,10766000000,6731000000,1468000000,4035000000,None,4035000000,None,-40000000,40000000,40000000,12263000000,-54000000,179000000,296000000,1374000000,-65000000,None,-96000000,1658000000,1468000000,1468000000,1439000000,NKE
2/28/2022,USD,5067000000,10871000000,9242000000,5804000000,1629000000,3438000000,None,3438000000,22000000,-53000000,53000000,53000000,10871000000,94000000,180000000,183000000,1670000000,274000000,None,1396000000,1350000000,1629000000,1629000000,1396000000,NKE
11/30/2021,USD,5213000000,11357000000,9903000000,6144000000,1454000000,3759000000,None,3759000000,18000000,-55000000,55000000,55000000,11357000000,102000000,181000000,193000000,1501000000,164000000,None,1337000000,1549000000,1454000000,1694000000,1337000000,NKE
8/31/2021,USD,5696000000,12205000000,10124000000,6552000000,2124000000,3572000000,None,3572000000,17000000,-57000000,57000000,57000000,12205000000,39000000,177000000,168000000,2106000000,232000000,None,1874000000,2187000000,2124000000,2274000000,1874000000,NKE
5/31/2021,USD,5655000000,12352000000,10431000000,6689000000,1913000000,3742000000,None,3742000000,None,-63000000,63000000,63000000,12352000000,4000000,201000000,221000000,1854000000,345000000,None,1509000000,1575000000,1913000000,2075000000,1509000000,NKE
2/28/2021,USD,4719000000,10357000000,8679000000,5638000000,1678000000,3041000000,None,3041000000,None,-64000000,64000000,64000000,10357000000,22000000,182000000,112000000,1636000000,187000000,None,1449000000,1432000000,1678000000,1748000000,1449000000,NKE
11/30/2020,USD,4847000000,11243000000,9663000000,6396000000,1580000000,3267000000,None,3267000000,None,-70000000,70000000,70000000,11243000000,-54000000,185000000,247000000,1456000000,205000000,None,1251000000,1223000000,1580000000,1703000000,1251000000,NKE
8/31/2020,USD,4741000000,10639000000,8828000000,5853000000,1766000000,2975000000,None,2975000000,None,-65000000,65000000,65000000,10639000000,14000000,176000000,217000000,1715000000,197000000,None,1518000000,1173000000,1766000000,1932000000,1518000000,NKE
5/31/2020,USD,2353000000,6241000000,7151000000,3960000000,-838000000,3191000000,None,3191000000,None,-50000000,41000000,50000000,6241000000,84000000,208000000,223000000,-804000000,-14000000,None,-790000000,-789000000,-838000000,-581000000,-790000000,NKE
2/29/2020,USD,4473000000,10104000000,8914000000,5631000000,1190000000,3283000000,None,3283000000,None,-12000000,2000000,12000000,10104000000,-297000000,170000000,534000000,881000000,34000000,None,847000000,738000000,1190000000,1415000000,847000000,NKE
11/30/2019,USD,4544000000,10326000000,9106000000,5782000000,1220000000,3324000000,None,3324000000,None,-12000000,37000000,12000000,10326000000,41000000,174000000,187000000,1249000000,134000000,None,1115000000,987000000,1220000000,1436000000,1115000000,NKE
8/31/2019,USD,4871000000,10611000000,9117000000,5789000000,1543000000,3328000000,None,3328000000,None,-15000000,16000000,15000000,10611000000,33000000,169000000,175000000,1561000000,194000000,None,1367000000,1316000000,1543000000,1736000000,1367000000,NKE
5/31/2019,USD,4633000000,10169000000,8957000000,5551000000,1227000000,3406000000,None,3406000000,None,-12000000,30000000,12000000,10169000000,28000000,178000000,184000000,1243000000,254000000,None,989000000,1023000000,1227000000,1427000000,989000000,NKE
2/28/2019,USD,4339000000,9611000000,8363000000,5272000000,1248000000,3091000000,None,3091000000,20000000,-12000000,None,12000000,9611000000,55000000,178000000,177000000,1291000000,190000000,None,1101000000,1089000000,1248000000,1468000000,1101000000,NKE
11/30/2018,USD,4105000000,18748000000,8411000000,5269000000,963000000,3142000000,None,3142000000,20000000,None,None,14000000,9374000000,48000000,171000000,178000000,997000000,150000000,None,847000000,1086000000,963000000,1175000000,847000000,NKE
8/31/2018,USD,4397000000,19730000000,8614000000,5551000000,1334000000,3063000000,None,3063000000,20000000,None,None,11000000,9782000000,-53000000,178000000,181000000,1270000000,178000000,None,1092000000,1154000000,1334000000,1451000000,1092000000,NKE
5/31/2018,USD,4378000000,9758000000,8531000000,5411000000,1258000000,3120000000,None,3120000000,None,None,None,12000000,-31000000,-31000000,196000000,200000000,1215000000,78000000,None,1137000000,1669000000,1258000000,1415000000,1137000000,NKE
3/31/2023,USD,2004000000,9588000000,7584000000,4331000000,1509000000,2762000000,654000000,3915000000,101000000,-153000000,58000000,153000000,9741000000,111000000,315000000,491000000,1562000000,244000000,153000000,1318000000,1330000000,1715000000,2206000000,1318000000,ABT
12/31/2022,USD,1372000000,9951000000,8579000000,4593000000,1304000000,2973000000,725000000,4301000000,88000000,-154000000,52000000,154000000,10105000000,68000000,311000000,496000000,1320000000,287000000,154000000,1033000000,2427000000,1474000000,1970000000,1033000000,ABT
9/30/2022,USD,2392000000,10250000000,7858000000,4629000000,1770000000,2731000000,782000000,4011000000,55000000,-141000000,105000000,141000000,10391000000,93000000,317000000,498000000,1758000000,323000000,141000000,1435000000,696000000,1899000000,2397000000,1435000000,ABT
6/30/2022,USD,2928000000,11125000000,8197000000,4933000000,2376000000,2757000000,684000000,3948000000,26000000,-132000000,26000000,132000000,11257000000,82000000,315000000,507000000,2352000000,334000000,132000000,2018000000,1786000000,2484000000,2991000000,2018000000,ABT
3/31/2022,USD,3481000000,11767000000,8286000000,4987000000,2912000000,2787000000,697000000,3999000000,14000000,-131000000,14000000,131000000,11898000000,78000000,311000000,512000000,2876000000,429000000,131000000,2447000000,2347000000,3007000000,3519000000,2447000000,ABT
12/31/2021,USD,2960000000,11343000000,8383000000,4766000000,2378000000,3048000000,762000000,4389000000,11000000,-131000000,114000000,131000000,11474000000,63000000,369000000,514000000,2327000000,338000000,131000000,1989000000,2855000000,2458000000,2972000000,1989000000,ABT
9/30/2021,USD,3601000000,10791000000,7190000000,4423000000,2546000000,2767000000,672000000,3439000000,10000000,-133000000,127000000,133000000,10924000000,74000000,327000000,520000000,2493000000,393000000,133000000,2100000000,1926000000,2626000000,3146000000,2100000000,ABT
6/30/2021,USD,2416000000,10089000000,7673000000,4947000000,1392000000,2726000000,654000000,3380000000,11000000,-134000000,123000000,134000000,10223000000,79000000,370000000,504000000,1348000000,159000000,134000000,1189000000,1408000000,1482000000,1986000000,1189000000,ABT
3/31/2021,USD,2624000000,10318000000,7694000000,4401000000,2109000000,2783000000,654000000,3962000000,11000000,-135000000,127000000,135000000,10453000000,61000000,425000000,509000000,2043000000,250000000,135000000,1793000000,1454000000,2178000000,2687000000,1793000000,ABT
12/31/2020,USD,2963000000,10570000000,7607000000,4493000000,2432000000,2570000000,698000000,3837000000,9000000,-136000000,122000000,136000000,10706000000,78000000,358000000,508000000,2392000000,230000000,136000000,2158000000,2260000000,2528000000,3036000000,2162000000,ABT
9/30/2020,USD,2455000000,8723000000,6268000000,3966000000,1495000000,2302000000,580000000,2882000000,10000000,-137000000,120000000,137000000,8860000000,46000000,298000000,510000000,1421000000,189000000,137000000,1232000000,1268000000,1558000000,2068000000,1232000000,ABT
6/30/2020,USD,1656000000,7195000000,5539000000,3263000000,672000000,2276000000,564000000,2840000000,9000000,-134000000,9000000,134000000,7329000000,-22000000,272000000,553000000,526000000,-11000000,134000000,537000000,843000000,660000000,1213000000,537000000,ABT
3/31/2020,USD,1192000000,7582000000,6390000000,3281000000,758000000,2548000000,578000000,3708000000,18000000,-139000000,18000000,139000000,7721000000,1000000,267000000,561000000,653000000,89000000,139000000,544000000,-357000000,792000000,1353000000,564000000,ABT
12/31/2019,USD,4397000000,8314000000,6330000000,3434000000,1389000000,2413000000,595000000,3491000000,25000000,-164000000,137000000,164000000,8314000000,51000000,273000000,483000000,1240000000,191000000,227000000,1049000000,347000000,1404000000,1887000000,1049000000,ABT
9/30/2019,USD,4234000000,7902000000,5798000000,3358000000,1198000000,2440000000,596000000,3036000000,24000000,-167000000,24000000,167000000,8069000000,55000000,270000000,484000000,1103000000,143000000,167000000,960000000,562000000,1270000000,1754000000,960000000,ABT
6/30/2019,USD,4217000000,7815000000,5713000000,3279000000,1206000000,2434000000,577000000,3011000000,22000000,-168000000,142000000,168000000,7983000000,38000000,268000000,483000000,1102000000,96000000,168000000,1006000000,1111000000,1270000000,1753000000,1006000000,ABT
3/31/2019,USD,3889000000,7358000000,6124000000,3160000000,739000000,2478000000,672000000,3636000000,23000000,-171000000,23000000,171000000,7529000000,47000000,267000000,486000000,632000000,-40000000,171000000,672000000,788000000,803000000,1289000000,672000000,ABT
12/31/2018,USD,4086000000,7765000000,6038000000,3191000000,1165000000,2359000000,562000000,3409000000,34000000,-186000000,None,186000000,7765000000,46000000,275000000,488000000,946000000,292000000,272000000,655000000,414000000,1132000000,1620000000,654000000,ABT
9/30/2018,USD,3946000000,7375000000,5543000000,3166000000,995000000,2377000000,574000000,2951000000,22000000,-203000000,None,203000000,7578000000,-18000000,269000000,544000000,729000000,166000000,270000000,552000000,467000000,932000000,1476000000,563000000,ABT
6/30/2018,USD,3923000000,7563000000,5748000000,3282000000,882000000,2466000000,575000000,3041000000,21000000,-210000000,None,210000000,7773000000,78000000,288000000,562000000,792000000,59000000,210000000,718000000,-447000000,1002000000,1564000000,733000000,ABT
